<?xml version="1.0" encoding="UTF-8"?>
<marc:collection xmlns:marc="http://www.loc.gov/MARC21/slim"
                 xmlns:xsi="http://www.w3.org/2001/XMLSchema-instance"
                 xmlns:lib="http://lib.washington.edu/hathiSpreadsheet"
                 xsi:schemaLocation="http://www.loc.gov/MARC21/slim http://www.loc.gov/standards/marcxml/schema/MARC21slim.xsd">
    <marc:record>
      <marc:leader>01263cam a2200349Ii 4500</marc:leader>
      <marc:controlfield tag="001">99134615570001452</marc:controlfield>
      <marc:controlfield tag="005">20180620062010.5</marc:controlfield>
      <marc:controlfield tag="008">910305s1947    io ab    s   f000 0 eng d</marc:controlfield>
      <marc:datafield tag="035" ind1=" " ind2=" ">
            <marc:subfield code="a">ocm23188593</marc:subfield>
        </marc:datafield>
      <marc:datafield tag="035" ind1=" " ind2=" ">
            <marc:subfield code="a">(OCoLC)23188593</marc:subfield>
        </marc:datafield>
      <marc:datafield tag="035" ind1=" " ind2=" ">
            <marc:subfield code="a">(OCoLC)ocm23188593 </marc:subfield>
        </marc:datafield>
      <marc:datafield tag="035" ind1=" " ind2=" ">
            <marc:subfield code="a">(EXLNZ-01ALLIANCE_NETWORK)99157724400001451</marc:subfield>
        </marc:datafield>
      <marc:datafield tag="040" ind1=" " ind2=" ">
            <marc:subfield code="a">FDA</marc:subfield>
            <marc:subfield code="b">eng</marc:subfield>
            <marc:subfield code="c">FDA</marc:subfield>
            <marc:subfield code="d">OCL</marc:subfield>
            <marc:subfield code="d">OCLCQ</marc:subfield>
            <marc:subfield code="d">OCLCF</marc:subfield>
            <marc:subfield code="d">OCLCQ</marc:subfield>
            <marc:subfield code="d">OCLCO</marc:subfield>
            <marc:subfield code="d">WAU</marc:subfield>
            <marc:subfield code="d">OCLCA</marc:subfield>
        </marc:datafield>
      <marc:datafield tag="043" ind1=" " ind2=" ">
            <marc:subfield code="a">a-io---</marc:subfield>
        </marc:datafield>
      <marc:datafield tag="049" ind1=" " ind2=" ">
            <marc:subfield code="a">MAIN</marc:subfield>
        </marc:datafield>
      <marc:datafield tag="050" ind1=" " ind2="4">
            <marc:subfield code="a">HA1811</marc:subfield>
            <marc:subfield code="b">.A322 1941</marc:subfield>
        </marc:datafield>
      <marc:datafield tag="050" ind1="1" ind2="4">
            <marc:subfield code="a">HA4605</marc:subfield>
            <marc:subfield code="b">.S73 1947</marc:subfield>
        </marc:datafield>
      <marc:datafield tag="245" ind1="0" ind2="0">
          <marc:subfield code="a">Statistical pocket book of Indonesia 1941(with comparative date for 1940 or earlier).</marc:subfield>
        </marc:datafield>
      <marc:datafield tag="264" ind1=" " ind2="1">
            <marc:subfield code="a">[Batavia] :</marc:subfield>
            <marc:subfield code="b">Department of Economic Affairs, Central Bureau of Statistics,</marc:subfield>
            <marc:subfield code="c">[1947]</marc:subfield>
        </marc:datafield>
      <marc:datafield tag="300" ind1=" " ind2=" ">
            <marc:subfield code="a">179 pages :</marc:subfield>
            <marc:subfield code="b">illustrations, maps (some color)</marc:subfield>
        </marc:datafield>
      <marc:datafield tag="336" ind1=" " ind2=" ">
            <marc:subfield code="a">text</marc:subfield>
            <marc:subfield code="b">txt</marc:subfield>
            <marc:subfield code="2">rdacontent</marc:subfield>
        </marc:datafield>
      <marc:datafield tag="337" ind1=" " ind2=" ">
            <marc:subfield code="a">unmediated</marc:subfield>
            <marc:subfield code="b">n</marc:subfield>
            <marc:subfield code="2">rdamedia</marc:subfield>
        </marc:datafield>
      <marc:datafield tag="338" ind1=" " ind2=" ">
            <marc:subfield code="a">volume</marc:subfield>
            <marc:subfield code="b">nc</marc:subfield>
            <marc:subfield code="2">rdacarrier</marc:subfield>
        </marc:datafield>
      <marc:datafield tag="500" ind1=" " ind2=" ">
            <marc:subfield code="a">Maps on lining-papers.</marc:subfield>
        </marc:datafield>
      <marc:datafield tag="651" ind1=" " ind2="0">
            <marc:subfield code="a">Indonesia</marc:subfield>
            <marc:subfield code="v">Statistics.</marc:subfield>
        </marc:datafield>
      <marc:datafield tag="651" ind1=" " ind2="0">
            <marc:subfield code="a">Indonesia.</marc:subfield>
        </marc:datafield>
      <marc:datafield tag="651" ind1=" " ind2="7">
            <marc:subfield code="a">Indonesia.</marc:subfield>
            <marc:subfield code="2">fast</marc:subfield>
            <marc:subfield code="0">(OCoLC)fst01209242</marc:subfield>
        </marc:datafield>
      <marc:datafield tag="655" ind1=" " ind2="7">
            <marc:subfield code="a">Statistics.</marc:subfield>
            <marc:subfield code="2">lcgft</marc:subfield>
        </marc:datafield>
      <marc:datafield tag="655" ind1=" " ind2="7">
            <marc:subfield code="a">Statistics.</marc:subfield>
            <marc:subfield code="2">fast</marc:subfield>
            <marc:subfield code="0">(OCoLC)fst01423727</marc:subfield>
        </marc:datafield>
      <marc:datafield tag="710" ind1="1" ind2=" ">
            <marc:subfield code="a">Netherlands.</marc:subfield>
            <marc:subfield code="b">Centraal Bureau voor de Statistiek,</marc:subfield>
            <marc:subfield code="e">issuing body,</marc:subfield>
            <marc:subfield code="e">publisher.</marc:subfield>
        </marc:datafield>
      <marc:datafield tag="978" ind1=" " ind2=" ">
            <marc:subfield code="a">.b27145311</marc:subfield>
            <marc:subfield code="9">LOCAL</marc:subfield>
        </marc:datafield>
      <marc:datafield tag="994" ind1=" " ind2=" ">
            <marc:subfield code="a">92</marc:subfield>
            <marc:subfield code="b">OCACL</marc:subfield>
        </marc:datafield>
      <marc:datafield tag="955" ind1=" " ind2=" ">
        <marc:subfield code="b">39352020448916</marc:subfield>
      </marc:datafield>
   </marc:record>