
    <marc:record>
      <marc:leader>01609cam a2200373Ii 4500</marc:leader>
      <marc:controlfield tag="001">99161954255001452</marc:controlfield>
      <marc:controlfield tag="005">20180612061510.1</marc:controlfield>
      <marc:controlfield tag="008">860731e194508  fr a          000 0 eng d</marc:controlfield>
      <marc:datafield tag="035" ind1=" " ind2=" ">
            <marc:subfield code="a">(OCoLC)13994897</marc:subfield>
        </marc:datafield>
      <marc:datafield tag="035" ind1=" " ind2=" ">
            <marc:subfield code="a">(OCoLC)ocm13994897 </marc:subfield>
        </marc:datafield>
      <marc:datafield tag="035" ind1=" " ind2=" ">
            <marc:subfield code="a">(EXLNZ-01ALLIANCE_NETWORK)99322177992601451</marc:subfield>
        </marc:datafield>
      <marc:datafield tag="040" ind1=" " ind2=" ">
            <marc:subfield code="a">JFS</marc:subfield>
            <marc:subfield code="b">eng</marc:subfield>
            <marc:subfield code="e">rda</marc:subfield>
            <marc:subfield code="c">JFS</marc:subfield>
            <marc:subfield code="d">WNC</marc:subfield>
            <marc:subfield code="d">OCL</marc:subfield>
            <marc:subfield code="d">OCLCQ</marc:subfield>
            <marc:subfield code="d">OCLCG</marc:subfield>
            <marc:subfield code="d">OCLCQ</marc:subfield>
            <marc:subfield code="d">OCLCF</marc:subfield>
            <marc:subfield code="d">OCLCQ</marc:subfield>
            <marc:subfield code="d">OCLCO</marc:subfield>
            <marc:subfield code="d">WAU</marc:subfield>
        </marc:datafield>
      <marc:datafield tag="049" ind1=" " ind2=" ">
            <marc:subfield code="a">MAIN</marc:subfield>
        </marc:datafield>
      <marc:datafield tag="050" ind1=" " ind2="4">
            <marc:subfield code="a">D810.T8</marc:subfield>
            <marc:subfield code="b">L35</marc:subfield>
        </marc:datafield>
      <marc:datafield tag="082" ind1=" " ind2="4">
            <marc:subfield code="a">940.621</marc:subfield>
            <marc:subfield code="b">L529a</marc:subfield>
        </marc:datafield>
      <marc:datafield tag="086" ind1="0" ind2=" ">
            <marc:subfield code="a">W 110.2:En 82x</marc:subfield>
        </marc:datafield>
      <marc:datafield tag="100" ind1="1" ind2=" ">
            <marc:subfield code="a">Leigh, Randolph,</marc:subfield>
            <marc:subfield code="d">1891-</marc:subfield>
            <marc:subfield code="e">author.</marc:subfield>
        </marc:datafield>
      <marc:datafield tag="245" ind1="1" ind2="0">
            <marc:subfield code="a">American enterprise in Europe :</marc:subfield>
            <marc:subfield code="b">the rôle of the SOS in the defeat of Germany.</marc:subfield>
        </marc:datafield>
      <marc:datafield tag="264" ind1=" " ind2="1">
            <marc:subfield code="a">[Paris?] :</marc:subfield>
            <marc:subfield code="b">Information and Education Division, USFET,</marc:subfield>
            <marc:subfield code="c">[1945]</marc:subfield>
        </marc:datafield>
      <marc:datafield tag="264" ind1=" " ind2="3">
            <marc:subfield code="a">Paris :</marc:subfield>
            <marc:subfield code="b">Bellenand ;</marc:subfield>
            <marc:subfield code="b">Brodard et Taupin,</marc:subfield>
            <marc:subfield code="c">August 1945.</marc:subfield>
        </marc:datafield>
      <marc:datafield tag="300" ind1=" " ind2=" ">
            <marc:subfield code="a">233 pages :</marc:subfield>
            <marc:subfield code="b">illustrations ;</marc:subfield>
            <marc:subfield code="c">19 cm</marc:subfield>
        </marc:datafield>
      <marc:datafield tag="336" ind1=" " ind2=" ">
            <marc:subfield code="a">text</marc:subfield>
            <marc:subfield code="b">txt</marc:subfield>
            <marc:subfield code="2">rdacontent</marc:subfield>
        </marc:datafield>
      <marc:datafield tag="337" ind1=" " ind2=" ">
            <marc:subfield code="a">unmediated</marc:subfield>
            <marc:subfield code="b">n</marc:subfield>
            <marc:subfield code="2">rdamedia</marc:subfield>
        </marc:datafield>
      <marc:datafield tag="338" ind1=" " ind2=" ">
            <marc:subfield code="a">volume</marc:subfield>
            <marc:subfield code="b">nc</marc:subfield>
            <marc:subfield code="2">rdacarrier</marc:subfield>
        </marc:datafield>
      <marc:datafield tag="500" ind1=" " ind2=" ">
            <marc:subfield code="a">"Printed under the direction of Chief Information and Education Division, USFET"--Verso, title page.</marc:subfield>
        </marc:datafield>
      <marc:datafield tag="500" ind1=" " ind2=" ">
            <marc:subfield code="a">Published in the United States as "Forty-eight million tons to Eisenhower."</marc:subfield>
        </marc:datafield>
      <marc:datafield tag="520" ind1=" " ind2=" ">
            <marc:subfield code="a">The role of the S.O.S. in the defeat of Germany.</marc:subfield>
        </marc:datafield>
      <marc:datafield tag="610" ind1="1" ind2="0">
            <marc:subfield code="a">United States.</marc:subfield>
            <marc:subfield code="b">Army.</marc:subfield>
            <marc:subfield code="b">Services of Supply.</marc:subfield>
        </marc:datafield>
      <marc:datafield tag="650" ind1=" " ind2="0">
            <marc:subfield code="a">World War, 1939-1945</marc:subfield>
            <marc:subfield code="x">Equipment and supplies.</marc:subfield>
        </marc:datafield>
      <marc:datafield tag="650" ind1=" " ind2="0">
            <marc:subfield code="a">Logistics.</marc:subfield>
        </marc:datafield>
      <marc:datafield tag="650" ind1=" " ind2="0">
            <marc:subfield code="a">World War, 1939-1945</marc:subfield>
            <marc:subfield code="x">Transportation.</marc:subfield>
        </marc:datafield>
      <marc:datafield tag="651" ind1=" " ind2="0">
            <marc:subfield code="a">United States</marc:subfield>
            <marc:subfield code="x">Armed Forces</marc:subfield>
            <marc:subfield code="z">Foreign countries.</marc:subfield>
        </marc:datafield>
      <marc:datafield tag="710" ind1="1" ind2=" ">
            <marc:subfield code="a">United States.</marc:subfield>
            <marc:subfield code="b">Army.</marc:subfield>
            <marc:subfield code="b">Forces in the European Theater.</marc:subfield>
            <marc:subfield code="b">Information and Education Division.</marc:subfield>
        </marc:datafield>
      <marc:datafield tag="994" ind1=" " ind2=" ">
            <marc:subfield code="a">92</marc:subfield>
            <marc:subfield code="b">OCACL</marc:subfield>
        </marc:datafield>
      <marc:datafield tag="955" ind1=" " ind2=" ">
         <marc:subfield code="b">39352080524135</marc:subfield>
      </marc:datafield>
   </marc:record>