
    
    <marc:record>
      <marc:leader>02235cam a2200457Ii 4500</marc:leader>
      <marc:controlfield tag="001">99111574030001452</marc:controlfield>
      <marc:controlfield tag="005">20180720113541.4</marc:controlfield>
      <marc:controlfield tag="008">790815m18861889ne h          001 0 arard</marc:controlfield>
      <marc:datafield tag="035" ind1=" " ind2=" ">
            <marc:subfield code="a">ocm05277292</marc:subfield>
        </marc:datafield>
      <marc:datafield tag="035" ind1=" " ind2=" ">
            <marc:subfield code="a">(OCoLC)05277292</marc:subfield>
        </marc:datafield>
      <marc:datafield tag="035" ind1=" " ind2=" ">
            <marc:subfield code="a">(OCoLC)ocm05277292 </marc:subfield>
        </marc:datafield>
      <marc:datafield tag="035" ind1=" " ind2=" ">
            <marc:subfield code="a">(EXLNZ-01ALLIANCE_NETWORK)99106615730001451</marc:subfield>
        </marc:datafield>
      <marc:datafield tag="040" ind1=" " ind2=" ">
            <marc:subfield code="a">WAU</marc:subfield>
            <marc:subfield code="b">eng</marc:subfield>
            <marc:subfield code="e">rda</marc:subfield>
            <marc:subfield code="c">WAU</marc:subfield>
            <marc:subfield code="d">OCLCQ</marc:subfield>
            <marc:subfield code="d">OCLCF</marc:subfield>
            <marc:subfield code="d">OCLCQ</marc:subfield>
            <marc:subfield code="d">OCLCO</marc:subfield>
            <marc:subfield code="d">OCLCQ</marc:subfield>
            <marc:subfield code="d">WAU</marc:subfield>
        </marc:datafield>
      <marc:datafield tag="041" ind1="0" ind2=" ">
            <marc:subfield code="a">ara</marc:subfield>
            <marc:subfield code="a">fre</marc:subfield>
        </marc:datafield>
      <marc:datafield tag="049" ind1=" " ind2=" ">
            <marc:subfield code="a">MAIN</marc:subfield>
        </marc:datafield>
      <marc:datafield tag="050" ind1=" " ind2="4">
            <marc:subfield code="a">PJ7613</marc:subfield>
            <marc:subfield code="b">.S98</marc:subfield>
        </marc:datafield>
      <marc:datafield tag="066" ind1=" " ind2=" ">
            <marc:subfield code="c">(3</marc:subfield>
        </marc:datafield>
      <marc:datafield tag="245" ind1="0" ind2="0">
            <marc:subfield code="6">880-01</marc:subfield>
            <marc:subfield code="a">Ṭuraf ʻArabīyah /</marc:subfield>
            <marc:subfield code="c">jamʻ al-Shaykh ʻUmar al-Suwaydī = Primeus arabes / présentées par le Comte de Landberg.</marc:subfield>
        </marc:datafield>
      <marc:datafield tag="880" ind1="0" ind2="0">
            <marc:subfield code="6">245-01/(3/r</marc:subfield>
            <marc:subfield code="a">طرف عربية /</marc:subfield>
            <marc:subfield code="c">جمع الشيخ عمر السويدي = Primeus arabes / présentées par le Comte de Landberg.</marc:subfield>
        </marc:datafield>
      <marc:datafield tag="246" ind1="3" ind2="1">
            <marc:subfield code="a">Primeurs arabes</marc:subfield>
        </marc:datafield>
      <marc:datafield tag="264" ind1=" " ind2="1">
            <marc:subfield code="6">880-02</marc:subfield>
            <marc:subfield code="a">Laydan :</marc:subfield>
            <marc:subfield code="b">Maṭbaʻat Brīll,</marc:subfield>
            <marc:subfield code="c">1886-1889.</marc:subfield>
        </marc:datafield>
      <marc:datafield tag="880" ind1=" " ind2="1">
            <marc:subfield code="6">264-02/(3/r</marc:subfield>
            <marc:subfield code="a">ليدن :</marc:subfield>
            <marc:subfield code="b">مطبعة بريل،</marc:subfield>
            <marc:subfield code="c">1886-1889.</marc:subfield>
        </marc:datafield>
      <marc:datafield tag="300" ind1=" " ind2=" ">
            <marc:subfield code="a">2 volumes :</marc:subfield>
            <marc:subfield code="b">facsimile ;</marc:subfield>
            <marc:subfield code="c">20 cm</marc:subfield>
        </marc:datafield>
      <marc:datafield tag="336" ind1=" " ind2=" ">
            <marc:subfield code="a">text</marc:subfield>
            <marc:subfield code="b">txt</marc:subfield>
            <marc:subfield code="2">rdacontent</marc:subfield>
        </marc:datafield>
      <marc:datafield tag="337" ind1=" " ind2=" ">
            <marc:subfield code="a">unmediated</marc:subfield>
            <marc:subfield code="b">n</marc:subfield>
            <marc:subfield code="2">rdamedia</marc:subfield>
        </marc:datafield>
      <marc:datafield tag="338" ind1=" " ind2=" ">
            <marc:subfield code="a">volume</marc:subfield>
            <marc:subfield code="b">nc</marc:subfield>
            <marc:subfield code="2">rdacarrier</marc:subfield>
        </marc:datafield>
      <marc:datafield tag="546" ind1=" " ind2=" ">
            <marc:subfield code="a">In Arabic ; preface, table of contents and variant readings in French.</marc:subfield>
        </marc:datafield>
      <marc:datafield tag="500" ind1=" " ind2=" ">
            <marc:subfield code="a">Includes index.</marc:subfield>
        </marc:datafield>
      <marc:datafield tag="505" ind1="0" ind2=" ">
            <marc:subfield code="6">880-03</marc:subfield>
            <marc:subfield code="a">al-Ṭurfah 1. [without special title] -- al-Ṭurfah 2. Dīwān Zuhayr ibn Abī Sulmá maʻa sharḥihi lil-aʻlam al-Shantamarī.</marc:subfield>
        </marc:datafield>
      <marc:datafield tag="880" ind1="0" ind2=" ">
            <marc:subfield code="6">505-03/(3/r</marc:subfield>
            <marc:subfield code="a">الطرفة 1. [without special title] -- الطرفة 2. ديوان زهير بن ابي سلمى مع شرحه للاعلم الشنتمري.</marc:subfield>
        </marc:datafield>
      <marc:datafield tag="650" ind1=" " ind2="0">
            <marc:subfield code="a">Arabic literature.</marc:subfield>
        </marc:datafield>
      <marc:datafield tag="650" ind1=" " ind2="7">
            <marc:subfield code="a">Arabic literature.</marc:subfield>
            <marc:subfield code="2">fast</marc:subfield>
            <marc:subfield code="0">(OCoLC)fst00812478</marc:subfield>
        </marc:datafield>
      <marc:datafield tag="655" ind1=" " ind2="7">
            <marc:subfield code="a">Literature.</marc:subfield>
            <marc:subfield code="2">lcgft</marc:subfield>
        </marc:datafield>
      <marc:datafield tag="655" ind1=" " ind2="7">
            <marc:subfield code="a">Literature.</marc:subfield>
            <marc:subfield code="2">fast</marc:subfield>
            <marc:subfield code="0">(OCoLC)fst01921716</marc:subfield>
        </marc:datafield>
      <marc:datafield tag="700" ind1="0" ind2=" ">
            <marc:subfield code="6">880-04</marc:subfield>
            <marc:subfield code="i">Container of (work):</marc:subfield>
            <marc:subfield code="a">Zuhayr ibn Abī Sulmá.</marc:subfield>
            <marc:subfield code="t">Dīwān.</marc:subfield>
        </marc:datafield>
      <marc:datafield tag="880" ind1="0" ind2=" ">
            <marc:subfield code="6">700-04/(3/r</marc:subfield>
            <marc:subfield code="i">Container of (work):</marc:subfield>
            <marc:subfield code="a">زهير بن ابي سلمى.</marc:subfield>
            <marc:subfield code="t">ديوان.</marc:subfield>
        </marc:datafield>
      <marc:datafield tag="700" ind1="0" ind2=" ">
            <marc:subfield code="6">880-05</marc:subfield>
            <marc:subfield code="i">Container of (work):</marc:subfield>
            <marc:subfield code="a">Abū Miḥjan al-Thaqafī,</marc:subfield>
            <marc:subfield code="d">active 629-637.</marc:subfield>
            <marc:subfield code="t">Poems.</marc:subfield>
        </marc:datafield>
      <marc:datafield tag="880" ind1="0" ind2=" ">
            <marc:subfield code="6">700-05/(3/r</marc:subfield>
            <marc:subfield code="i">Container of (work):</marc:subfield>
            <marc:subfield code="a">ابو محجن الثقفي،</marc:subfield>
            <marc:subfield code="d">active 629-637.</marc:subfield>
            <marc:subfield code="t">Poems.</marc:subfield>
        </marc:datafield>
      <marc:datafield tag="700" ind1="1" ind2=" ">
            <marc:subfield code="a">Landberg, Carlo,</marc:subfield>
            <marc:subfield code="d">1848-1924,</marc:subfield>
            <marc:subfield code="e">editor.</marc:subfield>
        </marc:datafield>
      <marc:datafield tag="978" ind1=" " ind2=" ">
            <marc:subfield code="a">.b13305578</marc:subfield>
            <marc:subfield code="9">LOCAL</marc:subfield>
        </marc:datafield>
      <marc:datafield tag="994" ind1=" " ind2=" ">
            <marc:subfield code="a">92</marc:subfield>
            <marc:subfield code="b">OCACL</marc:subfield>
        </marc:datafield>
      <marc:datafield tag="955" ind1=" " ind2=" ">
         <marc:subfield code="b">39352007450273</marc:subfield>
        <marc:subfield code="v">v.1</marc:subfield>
      </marc:datafield>
   </marc:record>