
    <marc:record>
      <marc:leader>01554cam a2200349Ii 4500</marc:leader>
      <marc:controlfield tag="001">99143759060001452</marc:controlfield>
      <marc:controlfield tag="005">20180720114124.9</marc:controlfield>
      <marc:controlfield tag="008">151118s1957    th            000 p thaod</marc:controlfield>
      <marc:datafield tag="035" ind1=" " ind2=" ">
            <marc:subfield code="a">(OCoLC)929885304</marc:subfield>
        </marc:datafield>
      <marc:datafield tag="035" ind1=" " ind2=" ">
            <marc:subfield code="a">(OCoLC)ocn929885304</marc:subfield>
        </marc:datafield>
      <marc:datafield tag="035" ind1=" " ind2=" ">
            <marc:subfield code="a">(EXLNZ-01ALLIANCE_NETWORK)99321365079501451</marc:subfield>
        </marc:datafield>
      <marc:datafield tag="040" ind1=" " ind2=" ">
            <marc:subfield code="a">WAU</marc:subfield>
            <marc:subfield code="b">eng</marc:subfield>
            <marc:subfield code="e">rda</marc:subfield>
            <marc:subfield code="c">WAU</marc:subfield>
            <marc:subfield code="d">OCLCF</marc:subfield>
            <marc:subfield code="d">OCLCA</marc:subfield>
            <marc:subfield code="d">WAU</marc:subfield>
        </marc:datafield>
      <marc:datafield tag="049" ind1=" " ind2=" ">
            <marc:subfield code="a">MAIN</marc:subfield>
        </marc:datafield>
      <marc:datafield tag="050" ind1=" " ind2="4">
            <marc:subfield code="a">PL4209.Y37</marc:subfield>
            <marc:subfield code="b">N36 1957</marc:subfield>
        </marc:datafield>
      <marc:datafield tag="100" ind1="0" ind2=" ">
            <marc:subfield code="a">Yānnawuttha</marc:subfield>
            <marc:subfield code="q">(ʻĪamsilā),</marc:subfield>
            <marc:subfield code="c">Phikkhu,</marc:subfield>
            <marc:subfield code="e">author.</marc:subfield>
        </marc:datafield>
      <marc:datafield tag="245" ind1="1" ind2="0">
            <marc:subfield code="a">Nangsư̄ niyom sāraphan thansamai :</marc:subfield>
            <marc:subfield code="b">mī klō̜n lakthang 4 khư̄ Phut chāt sākon sātsanā phramahākasat ratthammanūn læ bettalet ư̄n ư̄n īk pen prayōt kǣ khrū phūsō̜n sāraphan læ naksūat talō̜t phūsončhai thūapai /</marc:subfield>
            <marc:subfield code="c">tǣng dōi Yānnawuttha Phikkhu (ʻĪamsilā), Khān Kǣowichīan Nō̜. Thō̜. ʻĒk.</marc:subfield>
        </marc:datafield>
      <marc:datafield tag="246" ind1="3" ind2="0">
            <marc:subfield code="a">Niyom sāraphan thansamai</marc:subfield>
        </marc:datafield>
      <marc:datafield tag="264" ind1=" " ind2="1">
            <marc:subfield code="a">Khō̜n Kǣn :</marc:subfield>
            <marc:subfield code="b">Khlang Nānā Witthayā, Khlang Nānā Tham,</marc:subfield>
            <marc:subfield code="c">2500 [1957]</marc:subfield>
        </marc:datafield>
      <marc:datafield tag="300" ind1=" " ind2=" ">
            <marc:subfield code="a">Khō̜-Khō̜, 26 pages ;</marc:subfield>
            <marc:subfield code="c">19 cm</marc:subfield>
        </marc:datafield>
      <marc:datafield tag="336" ind1=" " ind2=" ">
            <marc:subfield code="a">text</marc:subfield>
            <marc:subfield code="b">txt</marc:subfield>
            <marc:subfield code="2">rdacontent</marc:subfield>
        </marc:datafield>
      <marc:datafield tag="337" ind1=" " ind2=" ">
            <marc:subfield code="a">unmediated</marc:subfield>
            <marc:subfield code="b">n</marc:subfield>
            <marc:subfield code="2">rdamedia</marc:subfield>
        </marc:datafield>
      <marc:datafield tag="338" ind1=" " ind2=" ">
            <marc:subfield code="a">volume</marc:subfield>
            <marc:subfield code="b">nc</marc:subfield>
            <marc:subfield code="2">rdacarrier</marc:subfield>
        </marc:datafield>
      <marc:datafield tag="386" ind1=" " ind2=" ">
            <marc:subfield code="a">Thai</marc:subfield>
            <marc:subfield code="2">lcdgt</marc:subfield>
        </marc:datafield>
      <marc:datafield tag="386" ind1=" " ind2=" ">
            <marc:subfield code="a">Buddhists</marc:subfield>
            <marc:subfield code="2">lcdgt</marc:subfield>
        </marc:datafield>
      <marc:datafield tag="386" ind1=" " ind2=" ">
            <marc:subfield code="a">Monks</marc:subfield>
            <marc:subfield code="2">lcdgt</marc:subfield>
        </marc:datafield>
      <marc:datafield tag="546" ind1=" " ind2=" ">
            <marc:subfield code="a">In Thai.</marc:subfield>
        </marc:datafield>
      <marc:datafield tag="520" ind1=" " ind2=" ">
            <marc:subfield code="a">A collection of contemporary poems on various subjects modelled after traditional Buddhist prayer songs.</marc:subfield>
        </marc:datafield>
      <marc:datafield tag="650" ind1=" " ind2="0">
            <marc:subfield code="a">Buddhist poetry, Thai.</marc:subfield>
        </marc:datafield>
      <marc:datafield tag="655" ind1=" " ind2="7">
            <marc:subfield code="a">Poetry.</marc:subfield>
            <marc:subfield code="2">lcgft</marc:subfield>
        </marc:datafield>
      <marc:datafield tag="700" ind1="0" ind2=" ">
            <marc:subfield code="a">Khān Kǣowichīan,</marc:subfield>
            <marc:subfield code="e">author.</marc:subfield>
        </marc:datafield>
      <marc:datafield tag="978" ind1=" " ind2=" ">
            <marc:subfield code="a">.b77477728</marc:subfield>
            <marc:subfield code="9">local</marc:subfield>
        </marc:datafield>
      <marc:datafield tag="994" ind1=" " ind2=" ">
            <marc:subfield code="a">92</marc:subfield>
            <marc:subfield code="b">OCACL</marc:subfield>
        </marc:datafield>
      <marc:datafield tag="955" ind1=" " ind2=" ">
         <marc:subfield code="b">39352078916400</marc:subfield>
      </marc:datafield>
   </marc:record>