
    
    <marc:record>
      <marc:leader>01563cas a2200409 a 4500</marc:leader>
      <marc:controlfield tag="001">99152871820001452</marc:controlfield>
      <marc:controlfield tag="005">20160118095706.0</marc:controlfield>
      <marc:controlfield tag="008">011127d19241935lv mr p       0    0lav c</marc:controlfield>
      <marc:datafield tag="010" ind1=" " ind2=" ">
            <marc:subfield code="a">  2011252275</marc:subfield>
        </marc:datafield>
      <marc:datafield tag="035" ind1=" " ind2=" ">
            <marc:subfield code="a">(OCoLC)48492628</marc:subfield>
        </marc:datafield>
      <marc:datafield tag="035" ind1=" " ind2=" ">
            <marc:subfield code="a">(OCoLC)ocm48492628 </marc:subfield>
        </marc:datafield>
      <marc:datafield tag="035" ind1=" " ind2=" ">
            <marc:subfield code="a">(EXLNZ-01ALLIANCE_NETWORK)99151046820001451</marc:subfield>
        </marc:datafield>
      <marc:datafield tag="040" ind1=" " ind2=" ">
            <marc:subfield code="a">VVK</marc:subfield>
            <marc:subfield code="b">eng</marc:subfield>
            <marc:subfield code="c">VVK</marc:subfield>
            <marc:subfield code="d">WAU</marc:subfield>
            <marc:subfield code="d">OCLCA</marc:subfield>
            <marc:subfield code="d">OCLCF</marc:subfield>
            <marc:subfield code="d">OCLCO</marc:subfield>
        </marc:datafield>
      <marc:datafield tag="042" ind1=" " ind2=" ">
            <marc:subfield code="a">pcc</marc:subfield>
        </marc:datafield>
      <marc:datafield tag="043" ind1=" " ind2=" ">
            <marc:subfield code="a">e-lv---</marc:subfield>
        </marc:datafield>
      <marc:datafield tag="049" ind1=" " ind2=" ">
            <marc:subfield code="a">MAIN</marc:subfield>
        </marc:datafield>
      <marc:datafield tag="050" ind1=" " ind2="4">
            <marc:subfield code="a">HQ792.L35</marc:subfield>
            <marc:subfield code="b">N35</marc:subfield>
        </marc:datafield>
      <marc:datafield tag="245" ind1="0" ind2="0">
            <marc:subfield code="a">Nākotnes spēks.</marc:subfield>
      </marc:datafield>
      <marc:datafield tag="260" ind1=" " ind2=" ">
            <marc:subfield code="a">Rīgā :</marc:subfield>
            <marc:subfield code="b">[s.n.]</marc:subfield>
        </marc:datafield>
      <marc:datafield tag="300" ind1=" " ind2=" ">
            <marc:subfield code="a">v. ;</marc:subfield>
            <marc:subfield code="c">24 cm.</marc:subfield>
        </marc:datafield>
      <marc:datafield tag="310" ind1=" " ind2=" ">
            <marc:subfield code="a">Monthly</marc:subfield>
        </marc:datafield>
      <marc:datafield tag="362" ind1="1" ind2=" ">
            <marc:subfield code="a">Began with 1924, no. 1; ceased with 1935, no. 11/12.</marc:subfield>
        </marc:datafield>
      <marc:datafield tag="500" ind1=" " ind2=" ">
            <marc:subfield code="a">"Mēnešraksts bērnu kopšanai un audzināšanai."</marc:subfield>
        </marc:datafield>
      <marc:datafield tag="515" ind1=" " ind2=" ">
            <marc:subfield code="a">Some combined issues.</marc:subfield>
        </marc:datafield>
      <marc:datafield tag="550" ind1=" " ind2=" ">
            <marc:subfield code="a">Issued by: Latvijas skolotāju savienība, 1924, no. 2-&lt;1924, no. 7/8&gt;; and: Latvijas skolotāju kopējū slimo kase, 1924, no. 2-&lt;1924, no.8.</marc:subfield>
        </marc:datafield>
      <marc:datafield tag="588" ind1=" " ind2=" ">
            <marc:subfield code="a">Description based on: 1924, no. 1; title from cover.</marc:subfield>
        </marc:datafield>
      <marc:datafield tag="588" ind1=" " ind2=" ">
            <marc:subfield code="a">Latest issue consulted: 1924, no. 7/8.</marc:subfield>
        </marc:datafield>
      <marc:datafield tag="650" ind1=" " ind2="0">
            <marc:subfield code="a">Child rearing</marc:subfield>
            <marc:subfield code="z">Latvia</marc:subfield>
            <marc:subfield code="v">Periodicals.</marc:subfield>
        </marc:datafield>
      <marc:datafield tag="650" ind1=" " ind2="0">
            <marc:subfield code="a">Children</marc:subfield>
            <marc:subfield code="x">Health and hygiene</marc:subfield>
            <marc:subfield code="z">Latvia</marc:subfield>
            <marc:subfield code="v">Periodicals.</marc:subfield>
        </marc:datafield>
      <marc:datafield tag="650" ind1=" " ind2="7">
            <marc:subfield code="a">Child rearing.</marc:subfield>
            <marc:subfield code="2">fast</marc:subfield>
            <marc:subfield code="0">(OCoLC)fst00854588</marc:subfield>
        </marc:datafield>
      <marc:datafield tag="650" ind1=" " ind2="7">
            <marc:subfield code="a">Children</marc:subfield>
            <marc:subfield code="x">Health and hygiene.</marc:subfield>
            <marc:subfield code="2">fast</marc:subfield>
            <marc:subfield code="0">(OCoLC)fst00854953</marc:subfield>
        </marc:datafield>
      <marc:datafield tag="651" ind1=" " ind2="7">
            <marc:subfield code="a">Latvia.</marc:subfield>
            <marc:subfield code="2">fast</marc:subfield>
            <marc:subfield code="0">(OCoLC)fst01210821</marc:subfield>
        </marc:datafield>
      <marc:datafield tag="655" ind1=" " ind2="7">
            <marc:subfield code="a">Periodicals.</marc:subfield>
            <marc:subfield code="2">fast</marc:subfield>
            <marc:subfield code="0">(OCoLC)fst01411641</marc:subfield>
        </marc:datafield>
      <marc:datafield tag="710" ind1="2" ind2=" ">
            <marc:subfield code="a">Latvijas Skolotāju savienība.</marc:subfield>
        </marc:datafield>
      <marc:datafield tag="710" ind1="2" ind2=" ">
            <marc:subfield code="a">Latvijas skolotāju kopējā slimo kase.</marc:subfield>
        </marc:datafield>
      <marc:datafield tag="978" ind1=" " ind2=" ">
            <marc:subfield code="a">.b53799999</marc:subfield>
            <marc:subfield code="9">LOCAL</marc:subfield>
        </marc:datafield>
      <marc:datafield tag="994" ind1=" " ind2=" ">
            <marc:subfield code="a">92</marc:subfield>
            <marc:subfield code="b">OCACL</marc:subfield>
        </marc:datafield>
      <marc:datafield tag="955" ind1=" " ind2=" ">
         <marc:subfield code="b">39352080468499</marc:subfield>
      </marc:datafield>
   </marc:record>