
    <marc:record>
      <marc:leader>01940cam a2200373Ic 4500</marc:leader>
      <marc:controlfield tag="001">99161955212901452</marc:controlfield>
      <marc:controlfield tag="005">20180720114048.9</marc:controlfield>
      <marc:controlfield tag="008">960625e194308  moua     f   f000 0 eng d</marc:controlfield>
      <marc:datafield tag="035" ind1=" " ind2=" ">
            <marc:subfield code="a">(OCoLC)34985616</marc:subfield>
        </marc:datafield>
      <marc:datafield tag="035" ind1=" " ind2=" ">
            <marc:subfield code="a">(OCoLC)ocm34985616 </marc:subfield>
        </marc:datafield>
      <marc:datafield tag="035" ind1=" " ind2=" ">
            <marc:subfield code="a">(EXLNZ-01ALLIANCE_NETWORK)99322211900801451</marc:subfield>
        </marc:datafield>
      <marc:datafield tag="040" ind1=" " ind2=" ">
            <marc:subfield code="a">EYW</marc:subfield>
            <marc:subfield code="b">eng</marc:subfield>
            <marc:subfield code="e">rda</marc:subfield>
            <marc:subfield code="c">EYW</marc:subfield>
            <marc:subfield code="d">OCL</marc:subfield>
            <marc:subfield code="d">AAA</marc:subfield>
            <marc:subfield code="d">OCLCQ</marc:subfield>
            <marc:subfield code="d">IVV</marc:subfield>
            <marc:subfield code="d">OCLCF</marc:subfield>
            <marc:subfield code="d">OCLCQ</marc:subfield>
            <marc:subfield code="d">OCLCO</marc:subfield>
            <marc:subfield code="d">OCL</marc:subfield>
            <marc:subfield code="d">WAU</marc:subfield>
        </marc:datafield>
      <marc:datafield tag="049" ind1=" " ind2=" ">
            <marc:subfield code="a">MAIN</marc:subfield>
        </marc:datafield>
      <marc:datafield tag="050" ind1="1" ind2="4">
            <marc:subfield code="a">TL712</marc:subfield>
            <marc:subfield code="b">.U86 1943</marc:subfield>
        </marc:datafield>
      <marc:datafield tag="082" ind1=" " ind2="4">
            <marc:subfield code="a">629.1325</marc:subfield>
            <marc:subfield code="b">U58n 1943</marc:subfield>
        </marc:datafield>
      <marc:datafield tag="245" ind1="0" ind2="0">
            <marc:subfield code="a">U.S.A. Navy flight training manual.</marc:subfield>
            <marc:subfield code="n">No. 1,</marc:subfield>
            <marc:subfield code="p">C.A.A.W.T.S. Elementary.</marc:subfield>
        </marc:datafield>
      <marc:datafield tag="264" ind1=" " ind2="3">
            <marc:subfield code="a">Kansas City :</marc:subfield>
            <marc:subfield code="b">LaRue Printers Lithographers,</marc:subfield>
            <marc:subfield code="c">August 5, 1943.</marc:subfield>
        </marc:datafield>
      <marc:datafield tag="300" ind1=" " ind2=" ">
            <marc:subfield code="a">108 pages :</marc:subfield>
            <marc:subfield code="b">illustrations ;</marc:subfield>
            <marc:subfield code="c">21 cm</marc:subfield>
        </marc:datafield>
      <marc:datafield tag="336" ind1=" " ind2=" ">
            <marc:subfield code="a">text</marc:subfield>
            <marc:subfield code="b">txt</marc:subfield>
            <marc:subfield code="2">rdacontent</marc:subfield>
        </marc:datafield>
      <marc:datafield tag="337" ind1=" " ind2=" ">
            <marc:subfield code="a">unmediated</marc:subfield>
            <marc:subfield code="b">n</marc:subfield>
            <marc:subfield code="2">rdamedia</marc:subfield>
        </marc:datafield>
      <marc:datafield tag="338" ind1=" " ind2=" ">
            <marc:subfield code="a">volume</marc:subfield>
            <marc:subfield code="b">nc</marc:subfield>
            <marc:subfield code="2">rdacarrier</marc:subfield>
        </marc:datafield>
      <marc:datafield tag="500" ind1=" " ind2=" ">
            <marc:subfield code="a">Cover title.</marc:subfield>
        </marc:datafield>
      <marc:datafield tag="500" ind1=" " ind2=" ">
            <marc:subfield code="a">"This Flight Training Manual has been prepared specifically for use with the CAA-WTS Navy Elementary Flight Training Program. Actual preparation of the manual was carried out by representatives of the Training Division of the Bureau of Aeronautics, the Aviation Psychology Section of the Bureau of Medicine and Surgery and the staff of the Naval Air Primary Training Command"--Page 5.</marc:subfield>
        </marc:datafield>
      <marc:datafield tag="650" ind1=" " ind2="0">
            <marc:subfield code="a">Air pilots, Military</marc:subfield>
            <marc:subfield code="x">Training of</marc:subfield>
            <marc:subfield code="z">United States.</marc:subfield>
        </marc:datafield>
      <marc:datafield tag="650" ind1=" " ind2="0">
            <marc:subfield code="a">Airplanes</marc:subfield>
            <marc:subfield code="x">Piloting</marc:subfield>
            <marc:subfield code="v">Handbooks, manuals, etc.</marc:subfield>
        </marc:datafield>
      <marc:datafield tag="650" ind1=" " ind2="7">
            <marc:subfield code="a">Air pilots, Military</marc:subfield>
            <marc:subfield code="x">Training of.</marc:subfield>
            <marc:subfield code="2">fast</marc:subfield>
            <marc:subfield code="0">(OCoLC)fst00802489</marc:subfield>
        </marc:datafield>
      <marc:datafield tag="650" ind1=" " ind2="7">
            <marc:subfield code="a">Airplanes</marc:subfield>
            <marc:subfield code="x">Piloting.</marc:subfield>
            <marc:subfield code="2">fast</marc:subfield>
            <marc:subfield code="0">(OCoLC)fst00803400</marc:subfield>
        </marc:datafield>
      <marc:datafield tag="651" ind1=" " ind2="7">
            <marc:subfield code="a">United States.</marc:subfield>
            <marc:subfield code="2">fast</marc:subfield>
            <marc:subfield code="0">(OCoLC)fst01204155</marc:subfield>
        </marc:datafield>
      <marc:datafield tag="655" ind1=" " ind2="7">
            <marc:subfield code="a">Handbooks and manuals.</marc:subfield>
            <marc:subfield code="2">lcgft</marc:subfield>
        </marc:datafield>
      <marc:datafield tag="655" ind1=" " ind2="7">
            <marc:subfield code="a">Handbooks and manuals.</marc:subfield>
            <marc:subfield code="2">fast</marc:subfield>
            <marc:subfield code="0">(OCoLC)fst01423877</marc:subfield>
        </marc:datafield>
      <marc:datafield tag="710" ind1="1" ind2=" ">
            <marc:subfield code="a">United States.</marc:subfield>
            <marc:subfield code="b">Navy Department.</marc:subfield>
            <marc:subfield code="b">Bureau of Aeronautics.</marc:subfield>
            <marc:subfield code="b">Training Division.</marc:subfield>
        </marc:datafield>
      <marc:datafield tag="710" ind1="1" ind2=" ">
            <marc:subfield code="a">United States.</marc:subfield>
            <marc:subfield code="b">Navy Department.</marc:subfield>
            <marc:subfield code="b">Bureau of Medicine and Surgery.</marc:subfield>
            <marc:subfield code="b">Aviation Psychology Section.</marc:subfield>
        </marc:datafield>
      <marc:datafield tag="710" ind1="1" ind2=" ">
            <marc:subfield code="a">United States.</marc:subfield>
            <marc:subfield code="b">Naval Air Primary Training Command.</marc:subfield>
        </marc:datafield>
      <marc:datafield tag="994" ind1=" " ind2=" ">
            <marc:subfield code="a">92</marc:subfield>
            <marc:subfield code="b">OCACL</marc:subfield>
        </marc:datafield>
      <marc:datafield tag="955" ind1=" " ind2=" ">
         <marc:subfield code="b">39352080246283</marc:subfield>
      </marc:datafield>
   </marc:record>