
    <marc:record>
      <marc:leader>01516cam a2200397Ii 4500</marc:leader>
      <marc:controlfield tag="001">99138946540001452</marc:controlfield>
      <marc:controlfield tag="005">20171116053444.2</marc:controlfield>
      <marc:controlfield tag="008">750417s1944    nyuacf        000 0 eng  </marc:controlfield>
      <marc:datafield tag="010" ind1=" " ind2=" ">
            <marc:subfield code="a">   44004689 </marc:subfield>
        </marc:datafield>
      <marc:datafield tag="019" ind1=" " ind2=" ">
            <marc:subfield code="a">314851248</marc:subfield>
            <marc:subfield code="a">750729151</marc:subfield>
            <marc:subfield code="a">1008324197</marc:subfield>
        </marc:datafield>
      <marc:datafield tag="035" ind1=" " ind2=" ">
            <marc:subfield code="a">(OCoLC)01284280</marc:subfield>
            <marc:subfield code="z">(OCoLC)314851248</marc:subfield>
            <marc:subfield code="z">(OCoLC)750729151</marc:subfield>
            <marc:subfield code="z">(OCoLC)1008324197</marc:subfield>
        </marc:datafield>
      <marc:datafield tag="035" ind1=" " ind2=" ">
            <marc:subfield code="a">(OCoLC)ocm01284280 </marc:subfield>
        </marc:datafield>
      <marc:datafield tag="035" ind1=" " ind2=" ">
            <marc:subfield code="a">(EXLNZ-01ALLIANCE_NETWORK)99106849140001451</marc:subfield>
        </marc:datafield>
      <marc:datafield tag="040" ind1=" " ind2=" ">
            <marc:subfield code="a">DLC</marc:subfield>
            <marc:subfield code="b">eng</marc:subfield>
            <marc:subfield code="c">DZM</marc:subfield>
            <marc:subfield code="d">DLC</marc:subfield>
            <marc:subfield code="d">SER</marc:subfield>
            <marc:subfield code="d">MUQ</marc:subfield>
            <marc:subfield code="d">DIBAM</marc:subfield>
            <marc:subfield code="d">OCLCO</marc:subfield>
            <marc:subfield code="d">OCLCF</marc:subfield>
            <marc:subfield code="d">OCLCQ</marc:subfield>
            <marc:subfield code="d">OCLCO</marc:subfield>
            <marc:subfield code="d">WAU</marc:subfield>
        </marc:datafield>
      <marc:datafield tag="049" ind1=" " ind2=" ">
            <marc:subfield code="a">MAIN</marc:subfield>
        </marc:datafield>
      <marc:datafield tag="050" ind1="0" ind2="0">
            <marc:subfield code="a">NC765</marc:subfield>
            <marc:subfield code="b">.G57</marc:subfield>
        </marc:datafield>
      <marc:datafield tag="082" ind1=" " ind2=" ">
            <marc:subfield code="a">743.4</marc:subfield>
        </marc:datafield>
      <marc:datafield tag="100" ind1="1" ind2=" ">
            <marc:subfield code="a">Giusti, George,</marc:subfield>
            <marc:subfield code="d">1908-1991,</marc:subfield>
            <marc:subfield code="e">author.</marc:subfield>
        </marc:datafield>
      <marc:datafield tag="245" ind1="1" ind2="0">
            <marc:subfield code="a">Drawing figures /</marc:subfield>
            <marc:subfield code="c">by George Giusti ; edited by Bryan Holme.</marc:subfield>
        </marc:datafield>
      <marc:datafield tag="264" ind1=" " ind2="1">
            <marc:subfield code="a">New York ;</marc:subfield>
            <marc:subfield code="a">London :</marc:subfield>
            <marc:subfield code="b">The Studio Publications, Incorporated,</marc:subfield>
            <marc:subfield code="c">[1944]</marc:subfield>
        </marc:datafield>
      <marc:datafield tag="300" ind1=" " ind2=" ">
            <marc:subfield code="a">80 pages :</marc:subfield>
            <marc:subfield code="b">illustrations, plates, portrait ;</marc:subfield>
            <marc:subfield code="c">24 cm</marc:subfield>
        </marc:datafield>
      <marc:datafield tag="336" ind1=" " ind2=" ">
            <marc:subfield code="a">text</marc:subfield>
            <marc:subfield code="b">txt</marc:subfield>
            <marc:subfield code="2">rdacontent</marc:subfield>
        </marc:datafield>
      <marc:datafield tag="337" ind1=" " ind2=" ">
            <marc:subfield code="a">unmediated</marc:subfield>
            <marc:subfield code="b">n</marc:subfield>
            <marc:subfield code="2">rdamedia</marc:subfield>
        </marc:datafield>
      <marc:datafield tag="338" ind1=" " ind2=" ">
            <marc:subfield code="a">volume</marc:subfield>
            <marc:subfield code="b">nc</marc:subfield>
            <marc:subfield code="2">rdacarrier</marc:subfield>
        </marc:datafield>
      <marc:datafield tag="650" ind1=" " ind2="0">
            <marc:subfield code="a">Human figure in art.</marc:subfield>
        </marc:datafield>
      <marc:datafield tag="650" ind1=" " ind2="0">
            <marc:subfield code="a">Drawing</marc:subfield>
            <marc:subfield code="x">Study and teaching.</marc:subfield>
        </marc:datafield>
      <marc:datafield tag="650" ind1=" " ind2="6">
            <marc:subfield code="a">Corps humain dans l'art.</marc:subfield>
        </marc:datafield>
      <marc:datafield tag="650" ind1=" " ind2="6">
            <marc:subfield code="a">Dessin</marc:subfield>
            <marc:subfield code="x">Étude et enseignement.</marc:subfield>
        </marc:datafield>
      <marc:datafield tag="650" ind1=" " ind2="7">
            <marc:subfield code="a">FIGURAS.</marc:subfield>
            <marc:subfield code="2">renib</marc:subfield>
        </marc:datafield>
      <marc:datafield tag="650" ind1=" " ind2="7">
            <marc:subfield code="a">Drawing</marc:subfield>
            <marc:subfield code="x">Study and teaching.</marc:subfield>
            <marc:subfield code="2">fast</marc:subfield>
            <marc:subfield code="0">(OCoLC)fst00897749</marc:subfield>
        </marc:datafield>
      <marc:datafield tag="650" ind1=" " ind2="7">
            <marc:subfield code="a">Human figure in art.</marc:subfield>
            <marc:subfield code="2">fast</marc:subfield>
            <marc:subfield code="0">(OCoLC)fst01896063</marc:subfield>
        </marc:datafield>
      <marc:datafield tag="655" ind1=" " ind2="7">
            <marc:subfield code="a">Handbooks and manuals.</marc:subfield>
            <marc:subfield code="2">lcgft</marc:subfield>
        </marc:datafield>
      <marc:datafield tag="655" ind1=" " ind2="7">
            <marc:subfield code="a">Handbooks and manuals.</marc:subfield>
            <marc:subfield code="2">fast</marc:subfield>
            <marc:subfield code="0">(OCoLC)fst01423877</marc:subfield>
        </marc:datafield>
      <marc:datafield tag="700" ind1="1" ind2=" ">
            <marc:subfield code="a">Holme, Bryan,</marc:subfield>
            <marc:subfield code="d">1913-1990,</marc:subfield>
            <marc:subfield code="e">editor.</marc:subfield>
        </marc:datafield>
      <marc:datafield tag="978" ind1=" " ind2=" ">
            <marc:subfield code="a">.b23893564</marc:subfield>
            <marc:subfield code="9">LOCAL</marc:subfield>
        </marc:datafield>
      <marc:datafield tag="994" ind1=" " ind2=" ">
            <marc:subfield code="a">92</marc:subfield>
            <marc:subfield code="b">OCACL</marc:subfield>
        </marc:datafield>
      <marc:datafield tag="955" ind1=" " ind2=" ">
         <marc:subfield code="b">39352027144245</marc:subfield>
      </marc:datafield>
   </marc:record>