
    <marc:record>
      <marc:leader>02053cam a2200397Ia 4500</marc:leader>
      <marc:controlfield tag="001">99161832256401452</marc:controlfield>
      <marc:controlfield tag="005">20180621074229.6</marc:controlfield>
      <marc:controlfield tag="008">961211s1929    ru            100 0 rusod</marc:controlfield>
      <marc:datafield tag="035" ind1=" " ind2=" ">
            <marc:subfield code="a">(OCoLC)36071281</marc:subfield>
        </marc:datafield>
      <marc:datafield tag="035" ind1=" " ind2=" ">
            <marc:subfield code="a">(OCoLC)ocm36071281 </marc:subfield>
        </marc:datafield>
      <marc:datafield tag="035" ind1=" " ind2=" ">
            <marc:subfield code="a">(EXLNZ-01ALLIANCE_NETWORK)99320373799501451</marc:subfield>
        </marc:datafield>
      <marc:datafield tag="040" ind1=" " ind2=" ">
            <marc:subfield code="a">CSL</marc:subfield>
            <marc:subfield code="b">eng</marc:subfield>
            <marc:subfield code="c">CSL</marc:subfield>
            <marc:subfield code="d">OCL</marc:subfield>
            <marc:subfield code="d">OCLCQ</marc:subfield>
            <marc:subfield code="d">OCLCF</marc:subfield>
            <marc:subfield code="d">OCLCQ</marc:subfield>
            <marc:subfield code="d">OCLCO</marc:subfield>
            <marc:subfield code="d">OCL</marc:subfield>
            <marc:subfield code="d">WAU</marc:subfield>
        </marc:datafield>
      <marc:datafield tag="043" ind1=" " ind2=" ">
            <marc:subfield code="a">e-ur---</marc:subfield>
        </marc:datafield>
      <marc:datafield tag="049" ind1=" " ind2=" ">
            <marc:subfield code="a">MAIN</marc:subfield>
        </marc:datafield>
      <marc:datafield tag="050" ind1=" " ind2="4">
            <marc:subfield code="a">PN1993.5.S65</marc:subfield>
            <marc:subfield code="b">V78 1929</marc:subfield>
        </marc:datafield>
      <marc:datafield tag="066" ind1=" " ind2=" ">
            <marc:subfield code="c">(N</marc:subfield>
        </marc:datafield>
      <marc:datafield tag="111" ind1="2" ind2=" ">
            <marc:subfield code="6">880-01</marc:subfield>
            <marc:subfield code="a">Vsesoi︠u︡znoe partiĭnoe soveshchanie po kinematografii</marc:subfield>
            <marc:subfield code="n">(1st :</marc:subfield>
            <marc:subfield code="d">1928 :</marc:subfield>
            <marc:subfield code="c">Moscow, Russia)</marc:subfield>
        </marc:datafield>
      <marc:datafield tag="880" ind1="2" ind2=" ">
            <marc:subfield code="6">111-01/(N</marc:subfield>
            <marc:subfield code="a">Всесоюзное партийное совещание по кинематографии</marc:subfield>
            <marc:subfield code="n">(1st :</marc:subfield>
            <marc:subfield code="d">1928 :</marc:subfield>
            <marc:subfield code="c">Moscow, Russia)</marc:subfield>
        </marc:datafield>
      <marc:datafield tag="245" ind1="1" ind2="0">
            <marc:subfield code="6">880-02</marc:subfield>
            <marc:subfield code="a">Puti kino /</marc:subfield>
            <marc:subfield code="c">Pervoe Vsesoi︠u︡znoe partiĭnoe soveshchanie po kinematografii ; pod redakt︠s︡ieĭ B.S. Olʹkhovogo.</marc:subfield>
        </marc:datafield>
      <marc:datafield tag="880" ind1="1" ind2="0">
            <marc:subfield code="6">245-02/(N</marc:subfield>
            <marc:subfield code="a">Пути кино /</marc:subfield>
            <marc:subfield code="c">Первое Всесоюзное партийное совещание по кинематографии ; под редакцией Б.С. Ольхового.</marc:subfield>
        </marc:datafield>
      <marc:datafield tag="260" ind1=" " ind2=" ">
            <marc:subfield code="6">880-03</marc:subfield>
            <marc:subfield code="a">Moskva :</marc:subfield>
            <marc:subfield code="b">Tea-kino-pechatʹ,</marc:subfield>
            <marc:subfield code="c">1929.</marc:subfield>
        </marc:datafield>
      <marc:datafield tag="880" ind1=" " ind2=" ">
            <marc:subfield code="6">260-03/(N</marc:subfield>
            <marc:subfield code="a">Москва :</marc:subfield>
            <marc:subfield code="b">Теа-кино-печать,</marc:subfield>
            <marc:subfield code="c">1929.</marc:subfield>
        </marc:datafield>
      <marc:datafield tag="300" ind1=" " ind2=" ">
            <marc:subfield code="a">465 pages ;</marc:subfield>
            <marc:subfield code="c">23 cm</marc:subfield>
        </marc:datafield>
      <marc:datafield tag="336" ind1=" " ind2=" ">
            <marc:subfield code="a">text</marc:subfield>
            <marc:subfield code="b">txt</marc:subfield>
            <marc:subfield code="2">rdacontent</marc:subfield>
        </marc:datafield>
      <marc:datafield tag="337" ind1=" " ind2=" ">
            <marc:subfield code="a">unmediated</marc:subfield>
            <marc:subfield code="b">n</marc:subfield>
            <marc:subfield code="2">rdamedia</marc:subfield>
        </marc:datafield>
      <marc:datafield tag="338" ind1=" " ind2=" ">
            <marc:subfield code="a">volume</marc:subfield>
            <marc:subfield code="b">nc</marc:subfield>
            <marc:subfield code="2">rdacarrier</marc:subfield>
        </marc:datafield>
      <marc:datafield tag="500" ind1=" " ind2=" ">
            <marc:subfield code="6">880-04</marc:subfield>
            <marc:subfield code="a">At head of title: Otdel agitat︠s︡ii, propagandy i pechati T︠S︡K VKP (b).</marc:subfield>
        </marc:datafield>
      <marc:datafield tag="880" ind1=" " ind2=" ">
            <marc:subfield code="6">500-04/(N</marc:subfield>
            <marc:subfield code="a">At head of title: Отдел агитации, пропаганды и печати ЦК ВКП (б).</marc:subfield>
        </marc:datafield>
      <marc:datafield tag="500" ind1=" " ind2=" ">
            <marc:subfield code="a">Errata slip inserted.</marc:subfield>
        </marc:datafield>
      <marc:datafield tag="650" ind1=" " ind2="0">
            <marc:subfield code="a">Motion pictures</marc:subfield>
            <marc:subfield code="z">Soviet Union</marc:subfield>
            <marc:subfield code="v">Congresses.</marc:subfield>
        </marc:datafield>
      <marc:datafield tag="650" ind1=" " ind2="7">
            <marc:subfield code="a">Motion pictures.</marc:subfield>
            <marc:subfield code="2">fast</marc:subfield>
            <marc:subfield code="0">(OCoLC)fst01027285</marc:subfield>
        </marc:datafield>
      <marc:datafield tag="651" ind1=" " ind2="7">
            <marc:subfield code="a">Soviet Union.</marc:subfield>
            <marc:subfield code="2">fast</marc:subfield>
            <marc:subfield code="0">(OCoLC)fst01210281</marc:subfield>
        </marc:datafield>
      <marc:datafield tag="655" ind1=" " ind2="7">
            <marc:subfield code="a">Conference papers and proceedings.</marc:subfield>
            <marc:subfield code="2">fast</marc:subfield>
            <marc:subfield code="0">(OCoLC)fst01423772</marc:subfield>
        </marc:datafield>
      <marc:datafield tag="700" ind1="1" ind2=" ">
            <marc:subfield code="a">Olʹkhovyĭ, B. S.</marc:subfield>
            <marc:subfield code="q">(Boris Semënovich),</marc:subfield>
            <marc:subfield code="d">1898-1937.</marc:subfield>
        </marc:datafield>
      <marc:datafield tag="710" ind1="2" ind2=" ">
            <marc:subfield code="a">T︠S︡K VKP(b).</marc:subfield>
            <marc:subfield code="b">Otdel propagandy i agitat︠s︡ii.</marc:subfield>
        </marc:datafield>
      <marc:datafield tag="994" ind1=" " ind2=" ">
            <marc:subfield code="a">92</marc:subfield>
            <marc:subfield code="b">OCACL</marc:subfield>
        </marc:datafield>
      <marc:datafield tag="955" ind1=" " ind2=" ">
         <marc:subfield code="b">39352079116513</marc:subfield>
      </marc:datafield>
   </marc:record>