
    <marc:record>
      <marc:leader>00915cam a2200289I  4500</marc:leader>
      <marc:controlfield tag="001">99161948460101452</marc:controlfield>
      <marc:controlfield tag="005">20180507070031.7</marc:controlfield>
      <marc:controlfield tag="008">800516s1923    dcua         f000 0 eng d</marc:controlfield>
      <marc:datafield tag="035" ind1=" " ind2=" ">
            <marc:subfield code="a">ocm06326262</marc:subfield>
        </marc:datafield>
      <marc:datafield tag="035" ind1=" " ind2=" ">
            <marc:subfield code="a">(OCoLC)06326262</marc:subfield>
        </marc:datafield>
      <marc:datafield tag="035" ind1=" " ind2=" ">
            <marc:subfield code="a">(OCoLC)ocm06326262 </marc:subfield>
        </marc:datafield>
      <marc:datafield tag="035" ind1=" " ind2=" ">
            <marc:subfield code="a">(EXLNZ-01ALLIANCE_NETWORK)99178527770001451</marc:subfield>
        </marc:datafield>
      <marc:datafield tag="040" ind1=" " ind2=" ">
            <marc:subfield code="a">CLE</marc:subfield>
            <marc:subfield code="b">eng</marc:subfield>
            <marc:subfield code="c">CLE</marc:subfield>
            <marc:subfield code="d">IUL</marc:subfield>
            <marc:subfield code="d">OCLCQ</marc:subfield>
            <marc:subfield code="d">OCLCO</marc:subfield>
            <marc:subfield code="d">WAU</marc:subfield>
            <marc:subfield code="d">WIH</marc:subfield>
        </marc:datafield>
      <marc:datafield tag="049" ind1=" " ind2=" ">
            <marc:subfield code="a">MAIN</marc:subfield>
        </marc:datafield>
      <marc:datafield tag="050" ind1=" " ind2="4">
            <marc:subfield code="a">VG123</marc:subfield>
            <marc:subfield code="b">.Un3 1923</marc:subfield>
        </marc:datafield>
      <marc:datafield tag="082" ind1=" " ind2="4">
            <marc:subfield code="a">359.7</marc:subfield>
            <marc:subfield code="b">Un384n</marc:subfield>
        </marc:datafield>
      <marc:datafield tag="086" ind1="0" ind2=" ">
            <marc:subfield code="a">N 10.2:N 22/923</marc:subfield>
        </marc:datafield>
      <marc:datafield tag="086" ind1="0" ind2=" ">
            <marc:subfield code="a">N 10.2:N 22/2/923</marc:subfield>
        </marc:datafield>
      <marc:datafield tag="110" ind1="1" ind2=" ">
            <marc:subfield code="a">United States.</marc:subfield>
            <marc:subfield code="b">Surgeon-General's Office.</marc:subfield>
        </marc:datafield>
      <marc:datafield tag="245" ind1="1" ind2="4">
            <marc:subfield code="a">The navy as a special field for medical work.</marc:subfield>
        </marc:datafield>
      <marc:datafield tag="260" ind1=" " ind2=" ">
            <marc:subfield code="a">Washington,</marc:subfield>
            <marc:subfield code="b">Govt. Print. Off.,</marc:subfield>
            <marc:subfield code="c">1923.</marc:subfield>
        </marc:datafield>
      <marc:datafield tag="300" ind1=" " ind2=" ">
            <marc:subfield code="a">63 pages</marc:subfield>
            <marc:subfield code="b">illustrations</marc:subfield>
        </marc:datafield>
      <marc:datafield tag="336" ind1=" " ind2=" ">
            <marc:subfield code="a">text</marc:subfield>
            <marc:subfield code="b">txt</marc:subfield>
            <marc:subfield code="2">rdacontent</marc:subfield>
        </marc:datafield>
      <marc:datafield tag="337" ind1=" " ind2=" ">
            <marc:subfield code="a">unmediated</marc:subfield>
            <marc:subfield code="b">n</marc:subfield>
            <marc:subfield code="2">rdamedia</marc:subfield>
        </marc:datafield>
      <marc:datafield tag="338" ind1=" " ind2=" ">
            <marc:subfield code="a">volume</marc:subfield>
            <marc:subfield code="b">nc</marc:subfield>
            <marc:subfield code="2">rdacarrier</marc:subfield>
        </marc:datafield>
      <marc:datafield tag="610" ind1="1" ind2="4">
            <marc:subfield code="a">United States.</marc:subfield>
            <marc:subfield code="b">Navy.</marc:subfield>
            <marc:subfield code="b">Medical corps.</marc:subfield>
        </marc:datafield>
      <marc:datafield tag="994" ind1=" " ind2=" ">
            <marc:subfield code="a">92</marc:subfield>
            <marc:subfield code="b">OCACL</marc:subfield>
        </marc:datafield>
      <marc:datafield tag="955" ind1=" " ind2=" ">
         <marc:subfield code="b">39352080513120</marc:subfield>
      </marc:datafield>
   </marc:record>