
    <marc:record>
      <marc:leader>02332cam a2200553Ii 4500</marc:leader>
      <marc:controlfield tag="001">99161947160601452</marc:controlfield>
      <marc:controlfield tag="005">20180523082117.7</marc:controlfield>
      <marc:controlfield tag="008">830420s1947    gw ac         000 0 ger  </marc:controlfield>
      <marc:datafield tag="010" ind1=" " ind2=" ">
            <marc:subfield code="a">   49021407 </marc:subfield>
        </marc:datafield>
      <marc:datafield tag="016" ind1="7" ind2=" ">
            <marc:subfield code="a">004102003</marc:subfield>
            <marc:subfield code="2">Uk</marc:subfield>
        </marc:datafield>
      <marc:datafield tag="019" ind1=" " ind2=" ">
            <marc:subfield code="a">970844262</marc:subfield>
            <marc:subfield code="a">970973912</marc:subfield>
            <marc:subfield code="a">992615903</marc:subfield>
            <marc:subfield code="a">999884440</marc:subfield>
            <marc:subfield code="a">1016244235</marc:subfield>
            <marc:subfield code="a">1018021552</marc:subfield>
            <marc:subfield code="a">1036248786</marc:subfield>
        </marc:datafield>
      <marc:datafield tag="035" ind1=" " ind2=" ">
            <marc:subfield code="a">(OCoLC)09431488</marc:subfield>
            <marc:subfield code="z">(OCoLC)970844262</marc:subfield>
            <marc:subfield code="z">(OCoLC)970973912</marc:subfield>
            <marc:subfield code="z">(OCoLC)992615903</marc:subfield>
            <marc:subfield code="z">(OCoLC)999884440</marc:subfield>
            <marc:subfield code="z">(OCoLC)1016244235</marc:subfield>
            <marc:subfield code="z">(OCoLC)1018021552</marc:subfield>
            <marc:subfield code="z">(OCoLC)1036248786</marc:subfield>
        </marc:datafield>
      <marc:datafield tag="035" ind1=" " ind2=" ">
            <marc:subfield code="a">(OCoLC)ocm09431488 </marc:subfield>
        </marc:datafield>
      <marc:datafield tag="035" ind1=" " ind2=" ">
            <marc:subfield code="a">(EXLNZ-01ALLIANCE_NETWORK)99322010260701451</marc:subfield>
        </marc:datafield>
      <marc:datafield tag="040" ind1=" " ind2=" ">
            <marc:subfield code="a">DLC</marc:subfield>
            <marc:subfield code="b">eng</marc:subfield>
            <marc:subfield code="e">rda</marc:subfield>
            <marc:subfield code="c">FUG</marc:subfield>
            <marc:subfield code="d">FUG</marc:subfield>
            <marc:subfield code="d">OCL</marc:subfield>
            <marc:subfield code="d">OCLCQ</marc:subfield>
            <marc:subfield code="d">HIN</marc:subfield>
            <marc:subfield code="d">J9U</marc:subfield>
            <marc:subfield code="d">UKMGB</marc:subfield>
            <marc:subfield code="d">OCLCF</marc:subfield>
            <marc:subfield code="d">OCLCO</marc:subfield>
            <marc:subfield code="d">OCLCQ</marc:subfield>
            <marc:subfield code="d">OCL</marc:subfield>
            <marc:subfield code="d">OCLCQ</marc:subfield>
            <marc:subfield code="d">WAU</marc:subfield>
            <marc:subfield code="d">OCLCQ</marc:subfield>
            <marc:subfield code="d">WAU</marc:subfield>
            <marc:subfield code="d">OCLCO</marc:subfield>
        </marc:datafield>
      <marc:datafield tag="041" ind1="0" ind2=" ">
            <marc:subfield code="a">ger</marc:subfield>
            <marc:subfield code="a">eng</marc:subfield>
        </marc:datafield>
      <marc:datafield tag="043" ind1=" " ind2=" ">
            <marc:subfield code="a">e-lv---</marc:subfield>
        </marc:datafield>
      <marc:datafield tag="049" ind1=" " ind2=" ">
            <marc:subfield code="a">MAIN</marc:subfield>
        </marc:datafield>
      <marc:datafield tag="050" ind1=" " ind2="4">
            <marc:subfield code="a">DS135.L33</marc:subfield>
            <marc:subfield code="b">K38 1947</marc:subfield>
        </marc:datafield>
      <marc:datafield tag="050" ind1=" " ind2="4">
            <marc:subfield code="a">D810.J4</marc:subfield>
            <marc:subfield code="b">K33 1947</marc:subfield>
        </marc:datafield>
      <marc:datafield tag="060" ind1=" " ind2="4">
            <marc:subfield code="a">000038792</marc:subfield>
        </marc:datafield>
      <marc:datafield tag="066" ind1=" " ind2=" ">
            <marc:subfield code="c">(2</marc:subfield>
        </marc:datafield>
      <marc:datafield tag="082" ind1="0" ind2="4">
            <marc:subfield code="a">940.5472</marc:subfield>
            <marc:subfield code="b">K21v</marc:subfield>
        </marc:datafield>
      <marc:datafield tag="100" ind1="1" ind2=" ">
            <marc:subfield code="a">Kaufmann, Max,</marc:subfield>
            <marc:subfield code="d">1897-1987,</marc:subfield>
            <marc:subfield code="e">author.</marc:subfield>
        </marc:datafield>
      <marc:datafield tag="245" ind1="1" ind2="0">
            <marc:subfield code="a">Churbn Lettland :</marc:subfield>
            <marc:subfield code="b">die Vernichtung der Juden Lettlands /</marc:subfield>
            <marc:subfield code="c">Max Kaufmann.</marc:subfield>
        </marc:datafield>
      <marc:datafield tag="246" ind1="3" ind2="0">
            <marc:subfield code="a">Vernichtung der Juden Lettlands</marc:subfield>
        </marc:datafield>
      <marc:datafield tag="264" ind1=" " ind2="1">
            <marc:subfield code="a">München :</marc:subfield>
            <marc:subfield code="b">Im Selbstverlag,</marc:subfield>
            <marc:subfield code="c">1947.</marc:subfield>
        </marc:datafield>
      <marc:datafield tag="300" ind1=" " ind2=" ">
            <marc:subfield code="a">542 pages :</marc:subfield>
            <marc:subfield code="b">illustrations, portraits ;</marc:subfield>
            <marc:subfield code="c">21 cm</marc:subfield>
        </marc:datafield>
      <marc:datafield tag="336" ind1=" " ind2=" ">
            <marc:subfield code="a">text</marc:subfield>
            <marc:subfield code="b">txt</marc:subfield>
            <marc:subfield code="2">rdacontent</marc:subfield>
        </marc:datafield>
      <marc:datafield tag="337" ind1=" " ind2=" ">
            <marc:subfield code="a">unmediated</marc:subfield>
            <marc:subfield code="b">n</marc:subfield>
            <marc:subfield code="2">rdamedia</marc:subfield>
        </marc:datafield>
      <marc:datafield tag="338" ind1=" " ind2=" ">
            <marc:subfield code="a">volume</marc:subfield>
            <marc:subfield code="b">nc</marc:subfield>
            <marc:subfield code="2">rdacarrier</marc:subfield>
        </marc:datafield>
      <marc:datafield tag="600" ind1="1" ind2="0">
            <marc:subfield code="a">Kaufmann, Max,</marc:subfield>
            <marc:subfield code="d">1897-1987.</marc:subfield>
        </marc:datafield>
      <marc:datafield tag="611" ind1="0" ind2="7">
            <marc:subfield code="a">Holocaust, Jewish (1939-1945)</marc:subfield>
            <marc:subfield code="2">fast</marc:subfield>
            <marc:subfield code="0">(OCoLC)fst00958866</marc:subfield>
        </marc:datafield>
      <marc:datafield tag="611" ind1="2" ind2="7">
            <marc:subfield code="a">World War (1939-1945)</marc:subfield>
            <marc:subfield code="2">fast</marc:subfield>
            <marc:subfield code="0">(OCoLC)fst01180924</marc:subfield>
        </marc:datafield>
      <marc:datafield tag="650" ind1=" " ind2="0">
            <marc:subfield code="a">Holocaust, Jewish (1939-1945)</marc:subfield>
            <marc:subfield code="z">Latvia.</marc:subfield>
        </marc:datafield>
      <marc:datafield tag="650" ind1=" " ind2="0">
            <marc:subfield code="a">World War, 1939-1945</marc:subfield>
            <marc:subfield code="x">Jews.</marc:subfield>
        </marc:datafield>
      <marc:datafield tag="650" ind1=" " ind2="0">
            <marc:subfield code="a">World War, 1939-1945</marc:subfield>
            <marc:subfield code="x">Atrocities.</marc:subfield>
        </marc:datafield>
      <marc:datafield tag="650" ind1=" " ind2="0">
            <marc:subfield code="a">Jews</marc:subfield>
            <marc:subfield code="z">Latvia</marc:subfield>
            <marc:subfield code="x">History</marc:subfield>
            <marc:subfield code="y">20th century.</marc:subfield>
        </marc:datafield>
      <marc:datafield tag="650" ind1=" " ind2="0">
            <marc:subfield code="a">World War, 1939-1945</marc:subfield>
            <marc:subfield code="v">Personal narratives, Jewish.</marc:subfield>
        </marc:datafield>
      <marc:datafield tag="650" ind1=" " ind2="7">
            <marc:subfield code="a">Atrocities.</marc:subfield>
            <marc:subfield code="2">fast</marc:subfield>
            <marc:subfield code="0">(OCoLC)fst00820727</marc:subfield>
        </marc:datafield>
      <marc:datafield tag="650" ind1=" " ind2="7">
            <marc:subfield code="a">Jews.</marc:subfield>
            <marc:subfield code="2">fast</marc:subfield>
            <marc:subfield code="0">(OCoLC)fst00983135</marc:subfield>
        </marc:datafield>
      <marc:datafield tag="651" ind1=" " ind2="7">
            <marc:subfield code="a">Latvia.</marc:subfield>
            <marc:subfield code="2">fast</marc:subfield>
            <marc:subfield code="0">(OCoLC)fst01210821</marc:subfield>
        </marc:datafield>
      <marc:datafield tag="648" ind1=" " ind2="7">
            <marc:subfield code="a">1900-1999</marc:subfield>
            <marc:subfield code="2">fast</marc:subfield>
        </marc:datafield>
      <marc:datafield tag="655" ind1=" " ind2="7">
            <marc:subfield code="a">History.</marc:subfield>
            <marc:subfield code="2">fast</marc:subfield>
            <marc:subfield code="0">(OCoLC)fst01411628</marc:subfield>
        </marc:datafield>
      <marc:datafield tag="655" ind1=" " ind2="7">
            <marc:subfield code="a">Personal narratives</marc:subfield>
            <marc:subfield code="v">Jewish.</marc:subfield>
            <marc:subfield code="2">fast</marc:subfield>
            <marc:subfield code="0">(OCoLC)fst01423845</marc:subfield>
        </marc:datafield>
      <marc:datafield tag="776" ind1="0" ind2="8">
            <marc:subfield code="i">Online version:</marc:subfield>
            <marc:subfield code="a">Kaufmann, Max, 1897-1987.</marc:subfield>
            <marc:subfield code="t">Churbn Lettland.</marc:subfield>
            <marc:subfield code="d">München, 1947</marc:subfield>
            <marc:subfield code="w">(OCoLC)568657301</marc:subfield>
        </marc:datafield>
      <marc:datafield tag="880" ind1="1" ind2=" ">
            <marc:subfield code="6">246-00/(2/r</marc:subfield>
            <marc:subfield code="i">Added title on cover:</marc:subfield>
            <marc:subfield code="a">חורבן לעטלאנד</marc:subfield>
        </marc:datafield>
      <marc:datafield tag="880" ind1="0" ind2=" ">
            <marc:subfield code="6">740-00/(2/r</marc:subfield>
            <marc:subfield code="a">חרבן לטלנד.</marc:subfield>
        </marc:datafield>
      <marc:datafield tag="994" ind1=" " ind2=" ">
            <marc:subfield code="a">92</marc:subfield>
            <marc:subfield code="b">OCACL</marc:subfield>
        </marc:datafield>
      <marc:datafield tag="955" ind1=" " ind2=" ">
        <marc:subfield code="b">39352079868139</marc:subfield>
      </marc:datafield>
   </marc:record>