
    <marc:record>
      <marc:leader>03666ccm a2200469Ia 4500</marc:leader>
      <marc:controlfield tag="001">99154989660001452</marc:controlfield>
      <marc:controlfield tag="005">20171002010659.1</marc:controlfield>
      <marc:controlfield tag="008">831109q19001983gw clz   i     n    zxx d</marc:controlfield>
      <marc:datafield tag="016" ind1="7" ind2=" ">
            <marc:subfield code="a">003381903</marc:subfield>
            <marc:subfield code="2">IsJJNL</marc:subfield>
        </marc:datafield>
      <marc:datafield tag="019" ind1=" " ind2=" ">
            <marc:subfield code="a">3929919</marc:subfield>
            <marc:subfield code="a">6171650</marc:subfield>
            <marc:subfield code="a">15207591</marc:subfield>
            <marc:subfield code="a">17708965</marc:subfield>
            <marc:subfield code="a">20233273</marc:subfield>
            <marc:subfield code="a">21820473</marc:subfield>
            <marc:subfield code="a">51425527</marc:subfield>
            <marc:subfield code="a">632244714</marc:subfield>
            <marc:subfield code="a">827833887</marc:subfield>
            <marc:subfield code="a">988715424</marc:subfield>
            <marc:subfield code="a">1004805745</marc:subfield>
        </marc:datafield>
      <marc:datafield tag="028" ind1="3" ind2="0">
            <marc:subfield code="a">285</marc:subfield>
            <marc:subfield code="b">Bärenreiter</marc:subfield>
        </marc:datafield>
      <marc:datafield tag="035" ind1=" " ind2=" ">
            <marc:subfield code="a">(OCoLC)10111313</marc:subfield>
            <marc:subfield code="z">(OCoLC)3929919</marc:subfield>
            <marc:subfield code="z">(OCoLC)6171650</marc:subfield>
            <marc:subfield code="z">(OCoLC)15207591</marc:subfield>
            <marc:subfield code="z">(OCoLC)17708965</marc:subfield>
            <marc:subfield code="z">(OCoLC)20233273</marc:subfield>
            <marc:subfield code="z">(OCoLC)21820473</marc:subfield>
            <marc:subfield code="z">(OCoLC)51425527</marc:subfield>
            <marc:subfield code="z">(OCoLC)632244714</marc:subfield>
            <marc:subfield code="z">(OCoLC)827833887</marc:subfield>
            <marc:subfield code="z">(OCoLC)988715424</marc:subfield>
            <marc:subfield code="z">(OCoLC)1004805745</marc:subfield>
        </marc:datafield>
      <marc:datafield tag="035" ind1=" " ind2=" ">
            <marc:subfield code="a">(OCoLC)ocm10111313 </marc:subfield>
        </marc:datafield>
      <marc:datafield tag="035" ind1=" " ind2=" ">
            <marc:subfield code="a">(EXLNZ-01ALLIANCE_NETWORK)99171146660001451</marc:subfield>
        </marc:datafield>
      <marc:datafield tag="040" ind1=" " ind2=" ">
            <marc:subfield code="a">VYL</marc:subfield>
            <marc:subfield code="b">eng</marc:subfield>
            <marc:subfield code="c">VYL</marc:subfield>
            <marc:subfield code="d">IUG</marc:subfield>
            <marc:subfield code="d">OCL</marc:subfield>
            <marc:subfield code="d">OCLCQ</marc:subfield>
            <marc:subfield code="d">OCLCG</marc:subfield>
            <marc:subfield code="d">CUY</marc:subfield>
            <marc:subfield code="d">RER</marc:subfield>
            <marc:subfield code="d">MT4IT</marc:subfield>
            <marc:subfield code="d">OCLCQ</marc:subfield>
            <marc:subfield code="d">YUU</marc:subfield>
            <marc:subfield code="d">YUS</marc:subfield>
            <marc:subfield code="d">HMU</marc:subfield>
            <marc:subfield code="d">OCLCQ</marc:subfield>
            <marc:subfield code="d">OCLCF</marc:subfield>
            <marc:subfield code="d">OCLCQ</marc:subfield>
            <marc:subfield code="d">J9U</marc:subfield>
            <marc:subfield code="d">OCLCQ</marc:subfield>
        </marc:datafield>
      <marc:datafield tag="045" ind1=" " ind2=" ">
            <marc:subfield code="a">v0v0</marc:subfield>
        </marc:datafield>
      <marc:datafield tag="048" ind1=" " ind2=" ">
            <marc:subfield code="a">kb01</marc:subfield>
        </marc:datafield>
      <marc:datafield tag="049" ind1=" " ind2=" ">
            <marc:subfield code="a">MAIN</marc:subfield>
        </marc:datafield>
      <marc:datafield tag="050" ind1=" " ind2="4">
            <marc:subfield code="a">M7.B1181</marc:subfield>
            <marc:subfield code="b">F5</marc:subfield>
        </marc:datafield>
      <marc:datafield tag="082" ind1="0" ind2="4">
            <marc:subfield code="a">786.8</marc:subfield>
        </marc:datafield>
      <marc:datafield tag="100" ind1="1" ind2=" ">
            <marc:subfield code="a">Bach, Johann Christoph,</marc:subfield>
            <marc:subfield code="d">1642-1703.</marc:subfield>
        </marc:datafield>
      <marc:datafield tag="240" ind1="1" ind2="0">
            <marc:subfield code="a">Chorale zum Präambulieren</marc:subfield>
        </marc:datafield>
      <marc:datafield tag="245" ind1="1" ind2="0">
            <marc:subfield code="a">44 Choräle zum Präambulieren /</marc:subfield>
            <marc:subfield code="c">Johann Christoph Bach ; nach den Handschriften erstmals herausgegeben von Martin Fischer ; im Anhang Choralvorspiele von Johann Pachelbel.</marc:subfield>
        </marc:datafield>
      <marc:datafield tag="246" ind1="3" ind2=" ">
            <marc:subfield code="a">Chorale zum Präambulieren</marc:subfield>
        </marc:datafield>
      <marc:datafield tag="250" ind1=" " ind2=" ">
            <marc:subfield code="a">5. Aufl.</marc:subfield>
        </marc:datafield>
      <marc:datafield tag="260" ind1=" " ind2=" ">
            <marc:subfield code="a">Kassel :</marc:subfield>
            <marc:subfield code="b">Bärenreiter,</marc:subfield>
            <marc:subfield code="c">[19--]</marc:subfield>
        </marc:datafield>
      <marc:datafield tag="300" ind1=" " ind2=" ">
            <marc:subfield code="a">1 score (48 pages) ;</marc:subfield>
            <marc:subfield code="c">24 x 33 cm.</marc:subfield>
        </marc:datafield>
      <marc:datafield tag="336" ind1=" " ind2=" ">
            <marc:subfield code="a">notated music</marc:subfield>
            <marc:subfield code="b">ntm</marc:subfield>
            <marc:subfield code="2">rdacontent</marc:subfield>
        </marc:datafield>
      <marc:datafield tag="337" ind1=" " ind2=" ">
            <marc:subfield code="a">unmediated</marc:subfield>
            <marc:subfield code="b">n</marc:subfield>
            <marc:subfield code="2">rdamedia</marc:subfield>
        </marc:datafield>
      <marc:datafield tag="338" ind1=" " ind2=" ">
            <marc:subfield code="a">volume</marc:subfield>
            <marc:subfield code="b">nc</marc:subfield>
            <marc:subfield code="2">rdacarrier</marc:subfield>
        </marc:datafield>
      <marc:datafield tag="490" ind1="1" ind2=" ">
            <marc:subfield code="a">Bärenreiter-Ausgabe ;</marc:subfield>
            <marc:subfield code="v">285</marc:subfield>
        </marc:datafield>
      <marc:datafield tag="500" ind1=" " ind2=" ">
            <marc:subfield code="a">For organ.</marc:subfield>
        </marc:datafield>
      <marc:datafield tag="500" ind1=" " ind2=" ">
            <marc:subfield code="a">Publisher's no.: Bärenreiter-Ausgabe 285.</marc:subfield>
        </marc:datafield>
      <marc:datafield tag="505" ind1="0" ind2=" ">
            <marc:subfield code="a">Ach Gott und Herr -- Ach Gott, vom Himmel sieh darein -- Ach Herr, mich armen Sünder -- (Alle Menschen müssen sterben) -- Allein Gott in der Höh -- Allein zu Dir, Herr Jesu Christ -- Auf meinen lieben Gott -- Auf meines Herzens Grunde -- Aus tiefer Not -- Christ, der du bist der helle Tag -- Da Jesus an Dem kreuze stund -- Dies sind die heiligen 10 Gebot -- Durch Adams Fall -- Ein feste Burg -- Erbarm Dich mein -- Erhalt uns, Herr -- Es ist das Heil -- (Es ist gewißlich an der Zeit -- Es woll uns Gott -- Gott sei gelobet -- Helft mir Gotts Güte preisen -- Herr Christ, der einig Gottssohn -- Herr Jesu Christ, dich zu uns wend -- (Herr Jesu, Gnadensonne) -- (Herr, wie du willst so schick's) -- (Herzlich tut mich verlangen) -- Ich dank Dir, lieber Herre -- Ich dank Dir schon -- Ich ruf zu Dir -- In Dich hab ich gehoffet -- (In Gottes Namen fahren wir) -- Jesu, der Du meine Seele -- Jesus Christus, unser Heiland, der von uns -- Kommt her zu mir -- Liebster Jesu, wir sind hier -- (Lob Gott getrost mit Singen) -- Meine Seele erhebt den Herrn -- Mit Fried und Freud -- Nun freut euch, lieben Christen -- Nun laßt uns Gott -- Nun lob mein Seel -- O Herre Gott -- Vater unser im Himmelreich (Verzage nicht, du Häuflein) -- (Von Gott will ich nicht lassen) -- (Wach auf, mein Herz) -- Warum betrübst du dich -- Wär Gott nicht mit uns -- Wenn mein Stündlein -- Wenn wir in höchsten Nöten -- Wie schön leuchtet der Morgenstern -- Wir glauben all an einen Gott -- Wo Gott, der Herr -- Wo Gott zum Haus.</marc:subfield>
        </marc:datafield>
      <marc:datafield tag="650" ind1=" " ind2="0">
            <marc:subfield code="a">Chorale preludes.</marc:subfield>
        </marc:datafield>
      <marc:datafield tag="650" ind1=" " ind2="7">
            <marc:subfield code="a">Chorale preludes.</marc:subfield>
            <marc:subfield code="2">fast</marc:subfield>
            <marc:subfield code="0">(OCoLC)fst00858555</marc:subfield>
        </marc:datafield>
      <marc:datafield tag="700" ind1="1" ind2=" ">
            <marc:subfield code="a">Fischer, Martin,</marc:subfield>
            <marc:subfield code="d">1906-</marc:subfield>
        </marc:datafield>
      <marc:datafield tag="700" ind1="1" ind2="2">
            <marc:subfield code="a">Pachelbel, Johann,</marc:subfield>
            <marc:subfield code="d">1653-1706.</marc:subfield>
            <marc:subfield code="t">Chorale preludes.</marc:subfield>
            <marc:subfield code="k">Selections.</marc:subfield>
        </marc:datafield>
      <marc:datafield tag="776" ind1="0" ind2="8">
            <marc:subfield code="i">Online version:</marc:subfield>
            <marc:subfield code="a">Bach, Johann Christoph, 1642-1703.</marc:subfield>
            <marc:subfield code="s">Choräle zum Präambulieren.</marc:subfield>
            <marc:subfield code="t">44 Choräle zum Präambulieren.</marc:subfield>
            <marc:subfield code="b">4. Aufl.</marc:subfield>
            <marc:subfield code="d">Kassel : Bärenreiter, [1929]</marc:subfield>
            <marc:subfield code="w">(OCoLC)582302266</marc:subfield>
        </marc:datafield>
      <marc:datafield tag="830" ind1=" " ind2="0">
            <marc:subfield code="a">Bärenreiter-Ausgabe ;</marc:subfield>
            <marc:subfield code="v">285.</marc:subfield>
        </marc:datafield>
      <marc:datafield tag="978" ind1=" " ind2=" ">
            <marc:subfield code="a">.b29622189</marc:subfield>
            <marc:subfield code="9">LOCAL</marc:subfield>
        </marc:datafield>
      <marc:datafield tag="994" ind1=" " ind2=" ">
            <marc:subfield code="a">92</marc:subfield>
            <marc:subfield code="b">OCACL</marc:subfield>
        </marc:datafield>
      <marc:datafield tag="955" ind1=" " ind2=" ">
         <marc:subfield code="b">39352028517456</marc:subfield>
      </marc:datafield>
   </marc:record>