
    <marc:record>
      <marc:leader>01789cam a2200409Ii 4500</marc:leader>
      <marc:controlfield tag="001">99161993535501452</marc:controlfield>
      <marc:controlfield tag="005">20170918061437.3</marc:controlfield>
      <marc:controlfield tag="008">170731t19331909oru     rd    000 0 eng d</marc:controlfield>
      <marc:datafield tag="035" ind1=" " ind2=" ">
            <marc:subfield code="a">(OCoLC)995852460</marc:subfield>
        </marc:datafield>
      <marc:datafield tag="035" ind1=" " ind2=" ">
            <marc:subfield code="a">(OCoLC)ocn995852460</marc:subfield>
        </marc:datafield>
      <marc:datafield tag="035" ind1=" " ind2=" ">
            <marc:subfield code="a">(EXLNZ-01ALLIANCE_NETWORK)99323673996101451</marc:subfield>
        </marc:datafield>
      <marc:datafield tag="037" ind1=" " ind2=" ">
            <marc:subfield code="b">Etherington Conservation Services, 6204 Corporate Park Drive, Browns Summit, NC 27214-9745</marc:subfield>
            <marc:subfield code="f">preservation facsimile</marc:subfield>
        </marc:datafield>
      <marc:datafield tag="040" ind1=" " ind2=" ">
            <marc:subfield code="a">WAU</marc:subfield>
            <marc:subfield code="b">eng</marc:subfield>
            <marc:subfield code="e">rda</marc:subfield>
            <marc:subfield code="e">pn</marc:subfield>
            <marc:subfield code="c">WAU</marc:subfield>
            <marc:subfield code="d">OCLCF</marc:subfield>
        </marc:datafield>
      <marc:datafield tag="041" ind1="1" ind2=" ">
            <marc:subfield code="a">eng</marc:subfield>
            <marc:subfield code="a">chn</marc:subfield>
        </marc:datafield>
      <marc:datafield tag="049" ind1=" " ind2=" ">
            <marc:subfield code="a">MAIN</marc:subfield>
        </marc:datafield>
      <marc:datafield tag="050" ind1="1" ind2="4">
            <marc:subfield code="a">PM848</marc:subfield>
            <marc:subfield code="b">.G6 1933a</marc:subfield>
        </marc:datafield>
      <marc:datafield tag="100" ind1="1" ind2=" ">
            <marc:subfield code="a">Gill, John,</marc:subfield>
            <marc:subfield code="d">1851-1929,</marc:subfield>
            <marc:subfield code="e">author.</marc:subfield>
        </marc:datafield>
      <marc:datafield tag="245" ind1="1" ind2="0">
            <marc:subfield code="a">Gill's dictionary of the Chinook jargon :</marc:subfield>
            <marc:subfield code="b">with examples of use in conversation and notes upon tribes and tongues.</marc:subfield>
        </marc:datafield>
      <marc:datafield tag="246" ind1="1" ind2="4">
            <marc:subfield code="a">Gill's Chinook dictionary</marc:subfield>
        </marc:datafield>
      <marc:datafield tag="246" ind1="1" ind2="7">
            <marc:subfield code="a">Chinook dictionary</marc:subfield>
        </marc:datafield>
      <marc:datafield tag="250" ind1=" " ind2=" ">
            <marc:subfield code="a">Seventeenth edition /</marc:subfield>
            <marc:subfield code="b">compiled by John Gill.</marc:subfield>
        </marc:datafield>
      <marc:datafield tag="264" ind1=" " ind2="1">
            <marc:subfield code="a">Portland, Oregon :</marc:subfield>
            <marc:subfield code="b">J.K. Gill Company,</marc:subfield>
            <marc:subfield code="c">1933.</marc:subfield>
        </marc:datafield>
      <marc:datafield tag="264" ind1=" " ind2="4">
            <marc:subfield code="c">copyright 1909</marc:subfield>
        </marc:datafield>
      <marc:datafield tag="300" ind1=" " ind2=" ">
            <marc:subfield code="a">80 pages ;</marc:subfield>
            <marc:subfield code="c">15 cm</marc:subfield>
        </marc:datafield>
      <marc:datafield tag="336" ind1=" " ind2=" ">
            <marc:subfield code="a">text</marc:subfield>
            <marc:subfield code="b">txt</marc:subfield>
            <marc:subfield code="2">rdacontent</marc:subfield>
        </marc:datafield>
      <marc:datafield tag="337" ind1=" " ind2=" ">
            <marc:subfield code="a">unmediated</marc:subfield>
            <marc:subfield code="b">n</marc:subfield>
            <marc:subfield code="2">rdamedia</marc:subfield>
        </marc:datafield>
      <marc:datafield tag="338" ind1=" " ind2=" ">
            <marc:subfield code="a">volume</marc:subfield>
            <marc:subfield code="b">nc</marc:subfield>
            <marc:subfield code="2">rdacarrier</marc:subfield>
        </marc:datafield>
      <marc:datafield tag="533" ind1=" " ind2=" ">
            <marc:subfield code="a">Preservation photocopy.</marc:subfield>
            <marc:subfield code="b">Browns Summit, NC :</marc:subfield>
            <marc:subfield code="c">Etherington Conservation Services,</marc:subfield>
            <marc:subfield code="d">2016.</marc:subfield>
            <marc:subfield code="e">16 cm</marc:subfield>
            <marc:subfield code="5">WaU</marc:subfield>
        </marc:datafield>
      <marc:datafield tag="539" ind1=" " ind2=" ">
            <marc:subfield code="a">s</marc:subfield>
            <marc:subfield code="b">2016</marc:subfield>
            <marc:subfield code="d">ncu</marc:subfield>
            <marc:subfield code="e">n</marc:subfield>
            <marc:subfield code="g">r</marc:subfield>
        </marc:datafield>
      <marc:datafield tag="650" ind1=" " ind2="0">
            <marc:subfield code="a">Chinook jargon</marc:subfield>
            <marc:subfield code="v">Dictionaries</marc:subfield>
            <marc:subfield code="x">English.</marc:subfield>
        </marc:datafield>
      <marc:datafield tag="650" ind1=" " ind2="0">
            <marc:subfield code="a">English language</marc:subfield>
            <marc:subfield code="v">Dictionaries</marc:subfield>
            <marc:subfield code="x">Chinook jargon.</marc:subfield>
        </marc:datafield>
      <marc:datafield tag="650" ind1=" " ind2="7">
            <marc:subfield code="a">Chinook jargon.</marc:subfield>
            <marc:subfield code="2">fast</marc:subfield>
            <marc:subfield code="0">(OCoLC)fst00857776</marc:subfield>
        </marc:datafield>
      <marc:datafield tag="650" ind1=" " ind2="7">
            <marc:subfield code="a">English language.</marc:subfield>
            <marc:subfield code="2">fast</marc:subfield>
            <marc:subfield code="0">(OCoLC)fst00910920</marc:subfield>
        </marc:datafield>
      <marc:datafield tag="655" ind1=" " ind2="7">
            <marc:subfield code="a">Dictionaries.</marc:subfield>
            <marc:subfield code="2">lcgft</marc:subfield>
        </marc:datafield>
      <marc:datafield tag="655" ind1=" " ind2="7">
            <marc:subfield code="a">Dictionaries.</marc:subfield>
            <marc:subfield code="2">fast</marc:subfield>
            <marc:subfield code="0">(OCoLC)fst01423826</marc:subfield>
        </marc:datafield>
      <marc:datafield tag="775" ind1="0" ind2="8">
            <marc:subfield code="i">Reproduction of (manifestation):</marc:subfield>
            <marc:subfield code="a">Gill, John, 1851-1929.</marc:subfield>
            <marc:subfield code="t">Gill's dictionary of the Chinook jargon.</marc:subfield>
            <marc:subfield code="b">17th ed.</marc:subfield>
            <marc:subfield code="d">Portland, Or. : J.K. Gill Co., 1933</marc:subfield>
            <marc:subfield code="w">(DLC)a  40000565</marc:subfield>
            <marc:subfield code="w">(OCoLC)6699703</marc:subfield>
        </marc:datafield>
      <marc:datafield tag="994" ind1=" " ind2=" ">
            <marc:subfield code="a">92</marc:subfield>
            <marc:subfield code="b">OCACL</marc:subfield>
        </marc:datafield>
      <marc:datafield tag="955" ind1=" " ind2=" ">
         <marc:subfield code="b">39352074350844</marc:subfield>
      </marc:datafield>
   </marc:record>