
    <marc:record>
      <marc:leader>02141cam a2200433Ii 4500</marc:leader>
      <marc:controlfield tag="001">99145014760001452</marc:controlfield>
      <marc:controlfield tag="005">20180613070307.4</marc:controlfield>
      <marc:controlfield tag="008">810113q18401900le            000 1 araod</marc:controlfield>
      <marc:datafield tag="035" ind1=" " ind2=" ">
            <marc:subfield code="a">ocm07060261</marc:subfield>
        </marc:datafield>
      <marc:datafield tag="035" ind1=" " ind2=" ">
            <marc:subfield code="a">(OCoLC)07060261</marc:subfield>
        </marc:datafield>
      <marc:datafield tag="035" ind1=" " ind2=" ">
            <marc:subfield code="a">(OCoLC)ocm07060261 </marc:subfield>
        </marc:datafield>
      <marc:datafield tag="035" ind1=" " ind2=" ">
            <marc:subfield code="a">(EXLNZ-01ALLIANCE_NETWORK)99107379590001451</marc:subfield>
        </marc:datafield>
      <marc:datafield tag="040" ind1=" " ind2=" ">
            <marc:subfield code="a">WAU</marc:subfield>
            <marc:subfield code="b">eng</marc:subfield>
            <marc:subfield code="e">rda</marc:subfield>
            <marc:subfield code="c">WAU</marc:subfield>
            <marc:subfield code="d">OCL</marc:subfield>
            <marc:subfield code="d">OCLCG</marc:subfield>
            <marc:subfield code="d">UUM</marc:subfield>
            <marc:subfield code="d">OCLCQ</marc:subfield>
            <marc:subfield code="d">OCLCO</marc:subfield>
            <marc:subfield code="d">HLS</marc:subfield>
            <marc:subfield code="d">WAU</marc:subfield>
            <marc:subfield code="d">OCLCQ</marc:subfield>
        </marc:datafield>
      <marc:datafield tag="041" ind1="1" ind2=" ">
            <marc:subfield code="a">ara</marc:subfield>
            <marc:subfield code="h">fre</marc:subfield>
        </marc:datafield>
      <marc:datafield tag="043" ind1=" " ind2=" ">
            <marc:subfield code="a">ar-----</marc:subfield>
            <marc:subfield code="a">fr-----</marc:subfield>
        </marc:datafield>
      <marc:datafield tag="049" ind1=" " ind2=" ">
            <marc:subfield code="a">MAIN</marc:subfield>
        </marc:datafield>
      <marc:datafield tag="050" ind1=" " ind2="4">
            <marc:subfield code="a">PQ1795.T5</marc:subfield>
            <marc:subfield code="b">A52</marc:subfield>
        </marc:datafield>
      <marc:datafield tag="066" ind1=" " ind2=" ">
            <marc:subfield code="c">(3</marc:subfield>
        </marc:datafield>
      <marc:datafield tag="100" ind1="1" ind2=" ">
            <marc:subfield code="a">Fénelon, François de Salignac de La Mothe-,</marc:subfield>
            <marc:subfield code="d">1651-1715,</marc:subfield>
            <marc:subfield code="e">author.</marc:subfield>
        </marc:datafield>
      <marc:datafield tag="240" ind1="1" ind2="0">
            <marc:subfield code="a">Aventures de Télémaque.</marc:subfield>
            <marc:subfield code="l">Arabic</marc:subfield>
        </marc:datafield>
      <marc:datafield tag="245" ind1="1" ind2="0">
            <marc:subfield code="6">880-01</marc:subfield>
            <marc:subfield code="a">Mawāqiʻ al-aflāk fī waqāʼiʻ Tilīmāk /</marc:subfield>
            <marc:subfield code="c">; tarjamahu min al-Faransāwīyah al-ʻallāmah al-fāḍil wa-al-adīb al-bāriʻ Rifāʻah Bik Badawī Rāfiʻ, nāẓir Qalam Tarjamah wa-Arbāb Qūmisyūn bi-Dīwān al-Madāris.</marc:subfield>
        </marc:datafield>
      <marc:datafield tag="880" ind1="1" ind2="0">
            <marc:subfield code="6">245-01/(3/r</marc:subfield>
            <marc:subfield code="a">مواقع الافلاك في وقائع تليماك /</marc:subfield>
            <marc:subfield code="c">؛ ترجمه من الفرنساوية العلامة الفاضل والاديب البارع رفاعة بك بدوي رافع، ناظر قلم ترجمة وارباب قومسيون بديوان المدارس.</marc:subfield>
        </marc:datafield>
      <marc:datafield tag="264" ind1=" " ind2="1">
            <marc:subfield code="a">[Beirut?] :</marc:subfield>
            <marc:subfield code="b">[publisher not identified],</marc:subfield>
            <marc:subfield code="c">[between 1840 and 1900?]</marc:subfield>
        </marc:datafield>
      <marc:datafield tag="264" ind1=" " ind2="3">
            <marc:subfield code="6">880-02</marc:subfield>
            <marc:subfield code="a">Bayrūt :</marc:subfield>
            <marc:subfield code="b">al-Maṭbaʻah al-Sūrīyah,</marc:subfield>
            <marc:subfield code="c">[between 1840 and 1900?]</marc:subfield>
        </marc:datafield>
      <marc:datafield tag="880" ind1=" " ind2="3">
            <marc:subfield code="6">264-02/(3/r</marc:subfield>
            <marc:subfield code="a">بيروت :</marc:subfield>
            <marc:subfield code="b">المطبعة السورية،</marc:subfield>
            <marc:subfield code="c">[between 1840 and 1900?]</marc:subfield>
        </marc:datafield>
      <marc:datafield tag="300" ind1=" " ind2=" ">
            <marc:subfield code="a">792 pages ;</marc:subfield>
            <marc:subfield code="c">24 cm</marc:subfield>
        </marc:datafield>
      <marc:datafield tag="336" ind1=" " ind2=" ">
            <marc:subfield code="a">text</marc:subfield>
            <marc:subfield code="b">txt</marc:subfield>
            <marc:subfield code="2">rdacontent</marc:subfield>
        </marc:datafield>
      <marc:datafield tag="337" ind1=" " ind2=" ">
            <marc:subfield code="a">unmediated</marc:subfield>
            <marc:subfield code="b">n</marc:subfield>
            <marc:subfield code="2">rdamedia</marc:subfield>
        </marc:datafield>
      <marc:datafield tag="338" ind1=" " ind2=" ">
            <marc:subfield code="a">volume</marc:subfield>
            <marc:subfield code="b">nc</marc:subfield>
            <marc:subfield code="2">rdacarrier</marc:subfield>
        </marc:datafield>
      <marc:datafield tag="386" ind1=" " ind2=" ">
            <marc:subfield code="a">Catholics</marc:subfield>
            <marc:subfield code="2">lcdgt</marc:subfield>
        </marc:datafield>
      <marc:datafield tag="386" ind1=" " ind2=" ">
            <marc:subfield code="a">Priests</marc:subfield>
            <marc:subfield code="2">lcdgt</marc:subfield>
        </marc:datafield>
      <marc:datafield tag="386" ind1=" " ind2=" ">
            <marc:subfield code="a">French</marc:subfield>
            <marc:subfield code="2">lcdgt</marc:subfield>
        </marc:datafield>
      <marc:datafield tag="386" ind1=" " ind2=" ">
            <marc:subfield code="a">Men</marc:subfield>
            <marc:subfield code="2">lcdgt</marc:subfield>
        </marc:datafield>
      <marc:datafield tag="546" ind1=" " ind2=" ">
            <marc:subfield code="a">In Arabic, translated from French.</marc:subfield>
        </marc:datafield>
      <marc:datafield tag="500" ind1=" " ind2=" ">
            <marc:subfield code="a">Translation of Les aventures de Télémaque, fils d'Ulysse.</marc:subfield>
        </marc:datafield>
      <marc:datafield tag="700" ind1="1" ind2=" ">
            <marc:subfield code="6">880-03</marc:subfield>
            <marc:subfield code="a">Ṭahṭāwī, Rifāʻah Rāfiʻ,</marc:subfield>
            <marc:subfield code="d">1801-1873,</marc:subfield>
            <marc:subfield code="e">translator.</marc:subfield>
        </marc:datafield>
      <marc:datafield tag="880" ind1="1" ind2=" ">
            <marc:subfield code="6">700-03/(3/r</marc:subfield>
            <marc:subfield code="a">طهطاوي، رفاعة رافع،,</marc:subfield>
            <marc:subfield code="d">1801-1873,</marc:subfield>
            <marc:subfield code="e">translator.</marc:subfield>
        </marc:datafield>
      <marc:datafield tag="978" ind1=" " ind2=" ">
            <marc:subfield code="a">.b13910620</marc:subfield>
            <marc:subfield code="9">LOCAL</marc:subfield>
        </marc:datafield>
      <marc:datafield tag="994" ind1=" " ind2=" ">
            <marc:subfield code="a">92</marc:subfield>
            <marc:subfield code="b">OCACL</marc:subfield>
        </marc:datafield>
      <marc:datafield tag="955" ind1=" " ind2=" ">
         <marc:subfield code="b">39352007762156</marc:subfield>
      </marc:datafield>
   </marc:record>