
    <marc:record>
      <marc:leader>01937cas a22004337a 4500</marc:leader>
      <marc:controlfield tag="001">99145541270001452</marc:controlfield>
      <marc:controlfield tag="005">20170612101317.4</marc:controlfield>
      <marc:controlfield tag="008">921214d19001930ru  x         0    0rus  </marc:controlfield>
      <marc:datafield tag="010" ind1=" " ind2=" ">
            <marc:subfield code="a">sf 92096595 </marc:subfield>
        </marc:datafield>
      <marc:datafield tag="012" ind1=" " ind2=" ">
            <marc:subfield code="i">9212</marc:subfield>
        </marc:datafield>
      <marc:datafield tag="035" ind1=" " ind2=" ">
            <marc:subfield code="a">ocm27117266</marc:subfield>
        </marc:datafield>
      <marc:datafield tag="035" ind1=" " ind2=" ">
            <marc:subfield code="a">(OCoLC)27117266</marc:subfield>
        </marc:datafield>
      <marc:datafield tag="035" ind1=" " ind2=" ">
            <marc:subfield code="a">(OCoLC)ocm27117266 </marc:subfield>
        </marc:datafield>
      <marc:datafield tag="035" ind1=" " ind2=" ">
            <marc:subfield code="a">(EXLNZ-01ALLIANCE_NETWORK)99141047110001451</marc:subfield>
        </marc:datafield>
      <marc:datafield tag="040" ind1=" " ind2=" ">
            <marc:subfield code="a">DLC</marc:subfield>
            <marc:subfield code="b">eng</marc:subfield>
            <marc:subfield code="c">DLC</marc:subfield>
            <marc:subfield code="d">OCLCQ</marc:subfield>
            <marc:subfield code="d">DLC</marc:subfield>
            <marc:subfield code="d">IUL</marc:subfield>
            <marc:subfield code="d">GZM</marc:subfield>
            <marc:subfield code="d">OCLCQ</marc:subfield>
            <marc:subfield code="d">OCLCA</marc:subfield>
        </marc:datafield>
      <marc:datafield tag="041" ind1="0" ind2=" ">
            <marc:subfield code="a">rus</marc:subfield>
            <marc:subfield code="a">ger</marc:subfield>
        </marc:datafield>
      <marc:datafield tag="042" ind1=" " ind2=" ">
            <marc:subfield code="a">pcc</marc:subfield>
        </marc:datafield>
      <marc:datafield tag="049" ind1=" " ind2=" ">
            <marc:subfield code="a">MAIN</marc:subfield>
        </marc:datafield>
      <marc:datafield tag="050" ind1="0" ind2="0">
            <marc:subfield code="a">QH323</marc:subfield>
            <marc:subfield code="b">.S2</marc:subfield>
        </marc:datafield>
      <marc:datafield tag="066" ind1=" " ind2=" ">
            <marc:subfield code="c">(N</marc:subfield>
        </marc:datafield>
      <marc:datafield tag="245" ind1="0" ind2="0">
            <marc:subfield code="6">880-01</marc:subfield>
            <marc:subfield code="a">Raboty Volzhskoĭ biologicheskoĭ stant︠s︡ii =</marc:subfield>
            <marc:subfield code="b">Arbeiten der Biologischen Wolga-Station /</marc:subfield>
            <marc:subfield code="c">Narodnyĭ komissariat prosveshchenii︠a︡ R.S.F.S.R., Glavnauka.</marc:subfield>
        </marc:datafield>
      <marc:datafield tag="880" ind1="0" ind2="0">
            <marc:subfield code="6">245-01/(N</marc:subfield>
            <marc:subfield code="a">Работы Волжской биологической станции =</marc:subfield>
            <marc:subfield code="b">Arbeiten der Biologischen Wolga-Station /</marc:subfield>
            <marc:subfield code="c">Народный комиссариат просвещения Р.С.Ф.С.Р., Главнаука.</marc:subfield>
        </marc:datafield>
      <marc:datafield tag="246" ind1="3" ind2="1">
            <marc:subfield code="a">Arbeiten der Biologischen Wolga-Station</marc:subfield>
        </marc:datafield>
      <marc:datafield tag="260" ind1=" " ind2=" ">
            <marc:subfield code="6">880-02</marc:subfield>
            <marc:subfield code="a">Saratov :</marc:subfield>
            <marc:subfield code="b">Stant︠s︡ii︠a︡</marc:subfield>
        </marc:datafield>
      <marc:datafield tag="880" ind1=" " ind2=" ">
            <marc:subfield code="6">260-02/(N</marc:subfield>
            <marc:subfield code="a">Саратов :</marc:subfield>
            <marc:subfield code="b">Станция</marc:subfield>
        </marc:datafield>
      <marc:datafield tag="300" ind1=" " ind2=" ">
            <marc:subfield code="a">v.</marc:subfield>
        </marc:datafield>
      <marc:datafield tag="310" ind1=" " ind2=" ">
            <marc:subfield code="a">Irregular</marc:subfield>
        </marc:datafield>
      <marc:datafield tag="362" ind1="1" ind2=" ">
            <marc:subfield code="a">Began in 1900; ceased in 1930.</marc:subfield>
        </marc:datafield>
      <marc:datafield tag="500" ind1=" " ind2=" ">
            <marc:subfield code="a">Some issues have individual title.</marc:subfield>
        </marc:datafield>
      <marc:datafield tag="530" ind1=" " ind2=" ">
            <marc:subfield code="a">Also issued on microfilm from Library of Congress Preservation Microfilming Program.</marc:subfield>
        </marc:datafield>
      <marc:datafield tag="546" ind1=" " ind2=" ">
            <marc:subfield code="a">In Russian and German.</marc:subfield>
        </marc:datafield>
      <marc:datafield tag="588" ind1=" " ind2=" ">
            <marc:subfield code="a">Description based on: T. 10, no. 5, published in 1929.</marc:subfield>
        </marc:datafield>
      <marc:datafield tag="710" ind1="2" ind2=" ">
            <marc:subfield code="6">880-03</marc:subfield>
            <marc:subfield code="a">Volzhskai︠a︡ biologicheskai︠a︡ stant︠s︡ii︠a︡.</marc:subfield>
        </marc:datafield>
      <marc:datafield tag="880" ind1="2" ind2=" ">
            <marc:subfield code="6">710-03/(N</marc:subfield>
            <marc:subfield code="a">Волжская биологическая станция.</marc:subfield>
        </marc:datafield>
      <marc:datafield tag="776" ind1="1" ind2=" ">
            <marc:subfield code="c">Microfilm</marc:subfield>
            <marc:subfield code="d">Library of Congress Preservation Microfilming Program</marc:subfield>
            <marc:subfield code="w">(DLC)sf 97094701</marc:subfield>
        </marc:datafield>
      <marc:datafield tag="776" ind1="0" ind2="8">
            <marc:subfield code="i">Online version:</marc:subfield>
            <marc:subfield code="t">Raboty Volzhskoĭ biologicheskoĭ stant︠s︡ii</marc:subfield>
            <marc:subfield code="w">(OCoLC)690773772</marc:subfield>
        </marc:datafield>
      <marc:datafield tag="850" ind1=" " ind2=" ">
            <marc:subfield code="a">DLC</marc:subfield>
        </marc:datafield>
      <marc:datafield tag="978" ind1=" " ind2=" ">
            <marc:subfield code="a">.b20286910</marc:subfield>
            <marc:subfield code="9">LOCAL</marc:subfield>
        </marc:datafield>
      <marc:datafield tag="994" ind1=" " ind2=" ">
            <marc:subfield code="a">92</marc:subfield>
            <marc:subfield code="b">OCACL</marc:subfield>
        </marc:datafield>
      <marc:datafield tag="955" ind1=" " ind2=" ">
         <marc:subfield code="b">39352015623663</marc:subfield>
      </marc:datafield>
   </marc:record>