
    <marc:record>
      <marc:leader>01929cam a2200409Ii 4500</marc:leader>
      <marc:controlfield tag="001">99133075330001452</marc:controlfield>
      <marc:controlfield tag="005">20180409054508.9</marc:controlfield>
      <marc:controlfield tag="008">750320t19581958hu af         000 0 eng  </marc:controlfield>
      <marc:datafield tag="010" ind1=" " ind2=" ">
            <marc:subfield code="a">   62001556 </marc:subfield>
        </marc:datafield>
      <marc:datafield tag="019" ind1=" " ind2=" ">
            <marc:subfield code="a">1008385104</marc:subfield>
        </marc:datafield>
      <marc:datafield tag="035" ind1=" " ind2=" ">
            <marc:subfield code="a">(OCoLC)01225350</marc:subfield>
            <marc:subfield code="z">(OCoLC)1008385104</marc:subfield>
        </marc:datafield>
      <marc:datafield tag="035" ind1=" " ind2=" ">
            <marc:subfield code="a">(OCoLC)ocm01225350 </marc:subfield>
        </marc:datafield>
      <marc:datafield tag="035" ind1=" " ind2=" ">
            <marc:subfield code="a">(EXLNZ-01ALLIANCE_NETWORK)99139311350001451</marc:subfield>
        </marc:datafield>
      <marc:datafield tag="040" ind1=" " ind2=" ">
            <marc:subfield code="a">DLC</marc:subfield>
            <marc:subfield code="b">eng</marc:subfield>
            <marc:subfield code="e">rda</marc:subfield>
            <marc:subfield code="c">BNG</marc:subfield>
            <marc:subfield code="d">OCL</marc:subfield>
            <marc:subfield code="d">OQP</marc:subfield>
            <marc:subfield code="d">UOI</marc:subfield>
            <marc:subfield code="d">OCLCF</marc:subfield>
            <marc:subfield code="d">OCLCO</marc:subfield>
            <marc:subfield code="d">OCLCQ</marc:subfield>
            <marc:subfield code="d">OCL</marc:subfield>
            <marc:subfield code="d">WAU</marc:subfield>
            <marc:subfield code="d">LUE</marc:subfield>
            <marc:subfield code="d">OCLCQ</marc:subfield>
            <marc:subfield code="d">OCLCO</marc:subfield>
        </marc:datafield>
      <marc:datafield tag="041" ind1="1" ind2=" ">
            <marc:subfield code="a">eng</marc:subfield>
            <marc:subfield code="h">hun</marc:subfield>
        </marc:datafield>
      <marc:datafield tag="049" ind1=" " ind2=" ">
            <marc:subfield code="a">MAIN</marc:subfield>
        </marc:datafield>
      <marc:datafield tag="050" ind1="0" ind2="0">
            <marc:subfield code="a">NC775</marc:subfield>
            <marc:subfield code="b">.B313</marc:subfield>
        </marc:datafield>
      <marc:datafield tag="082" ind1="0" ind2=" ">
            <marc:subfield code="a">743.5</marc:subfield>
        </marc:datafield>
      <marc:datafield tag="100" ind1="1" ind2=" ">
            <marc:subfield code="a">Barcsay, Jenő,</marc:subfield>
            <marc:subfield code="e">author.</marc:subfield>
        </marc:datafield>
      <marc:datafield tag="240" ind1="1" ind2="0">
            <marc:subfield code="a">Ember és drapéria.</marc:subfield>
            <marc:subfield code="l">English</marc:subfield>
        </marc:datafield>
      <marc:datafield tag="245" ind1="1" ind2="0">
            <marc:subfield code="a">Drapery and the human form /</marc:subfield>
            <marc:subfield code="c">drawings and text by Jenő Barcsay.</marc:subfield>
        </marc:datafield>
      <marc:datafield tag="264" ind1=" " ind2="1">
            <marc:subfield code="a">Budapest :</marc:subfield>
            <marc:subfield code="b">Corvina,</marc:subfield>
            <marc:subfield code="c">[1958]</marc:subfield>
        </marc:datafield>
      <marc:datafield tag="264" ind1=" " ind2="4">
            <marc:subfield code="c">©1958</marc:subfield>
        </marc:datafield>
      <marc:datafield tag="300" ind1=" " ind2=" ">
            <marc:subfield code="a">87 pages, LVII-LXVIII pages of plates :</marc:subfield>
            <marc:subfield code="b">illustrations ;</marc:subfield>
            <marc:subfield code="c">33 cm</marc:subfield>
        </marc:datafield>
      <marc:datafield tag="336" ind1=" " ind2=" ">
            <marc:subfield code="a">text</marc:subfield>
            <marc:subfield code="b">txt</marc:subfield>
            <marc:subfield code="2">rdacontent</marc:subfield>
        </marc:datafield>
      <marc:datafield tag="337" ind1=" " ind2=" ">
            <marc:subfield code="a">unmediated</marc:subfield>
            <marc:subfield code="b">n</marc:subfield>
            <marc:subfield code="2">rdamedia</marc:subfield>
        </marc:datafield>
      <marc:datafield tag="338" ind1=" " ind2=" ">
            <marc:subfield code="a">volume</marc:subfield>
            <marc:subfield code="b">nc</marc:subfield>
            <marc:subfield code="2">rdacarrier</marc:subfield>
        </marc:datafield>
      <marc:datafield tag="500" ind1=" " ind2=" ">
            <marc:subfield code="a">English translation of: Ember és drapéria.</marc:subfield>
        </marc:datafield>
      <marc:datafield tag="505" ind1="0" ind2="0">
            <marc:subfield code="g">Foreword --</marc:subfield>
            <marc:subfield code="t">The basic forms of drapery</marc:subfield>
            <marc:subfield code="g">(plates I-XII) --</marc:subfield>
            <marc:subfield code="t">Folds in the clothing of a seated figure</marc:subfield>
            <marc:subfield code="g">(plates XIII-XVII) --</marc:subfield>
            <marc:subfield code="t">The standing posture</marc:subfield>
            <marc:subfield code="g">(plates XVIII-XX) --</marc:subfield>
            <marc:subfield code="t">Contrapposto</marc:subfield>
            <marc:subfield code="g">(plates XXI-XXVII) --</marc:subfield>
            <marc:subfield code="t">The reclining posture</marc:subfield>
            <marc:subfield code="g">(plates XXVIII-XXIX) --</marc:subfield>
            <marc:subfield code="t">Drapery on the head</marc:subfield>
            <marc:subfield code="g">(plates XXX-XXXVI) --</marc:subfield>
            <marc:subfield code="t">Drapery pulled upwards</marc:subfield>
            <marc:subfield code="g">(plates XXXVII-XL) --</marc:subfield>
            <marc:subfield code="t">The Folds of the sleeves and the trousers</marc:subfield>
            <marc:subfield code="g">(plates XLI-XLVIII) --</marc:subfield>
            <marc:subfield code="t">Moving figures</marc:subfield>
            <marc:subfield code="g">(plates XLIX-LVI) --</marc:subfield>
            <marc:subfield code="t">Flowing drapery</marc:subfield>
            <marc:subfield code="g">(plates LVII-LX) --</marc:subfield>
            <marc:subfield code="t">Compositions</marc:subfield>
            <marc:subfield code="g">(plates LXI-LXVIII).</marc:subfield>
        </marc:datafield>
      <marc:datafield tag="650" ind1=" " ind2="0">
            <marc:subfield code="a">Figure drawing.</marc:subfield>
        </marc:datafield>
      <marc:datafield tag="650" ind1=" " ind2="0">
            <marc:subfield code="a">Drapery in art.</marc:subfield>
        </marc:datafield>
      <marc:datafield tag="650" ind1=" " ind2="7">
            <marc:subfield code="a">Drapery in art.</marc:subfield>
            <marc:subfield code="2">fast</marc:subfield>
            <marc:subfield code="0">(OCoLC)fst00897676</marc:subfield>
        </marc:datafield>
      <marc:datafield tag="650" ind1=" " ind2="7">
            <marc:subfield code="a">Figure drawing.</marc:subfield>
            <marc:subfield code="2">fast</marc:subfield>
            <marc:subfield code="0">(OCoLC)fst00924077</marc:subfield>
        </marc:datafield>
      <marc:datafield tag="655" ind1=" " ind2="7">
            <marc:subfield code="a">Handbooks and manuals.</marc:subfield>
            <marc:subfield code="2">fast</marc:subfield>
            <marc:subfield code="0">(OCoLC)fst01423877</marc:subfield>
        </marc:datafield>
      <marc:datafield tag="655" ind1=" " ind2="7">
            <marc:subfield code="a">Handbooks and manuals.</marc:subfield>
            <marc:subfield code="2">lcgft</marc:subfield>
        </marc:datafield>
      <marc:datafield tag="978" ind1=" " ind2=" ">
            <marc:subfield code="a">.b23916606</marc:subfield>
            <marc:subfield code="9">LOCAL</marc:subfield>
        </marc:datafield>
      <marc:datafield tag="994" ind1=" " ind2=" ">
            <marc:subfield code="a">92</marc:subfield>
            <marc:subfield code="b">OCACL</marc:subfield>
        </marc:datafield>
      <marc:datafield tag="955" ind1=" " ind2=" ">
         <marc:subfield code="b">39352027151299</marc:subfield>
      </marc:datafield>
   </marc:record>