
    <marc:record>
      <marc:leader>01322cam a2200325K  4500</marc:leader>
      <marc:controlfield tag="001">99152013430001452</marc:controlfield>
      <marc:controlfield tag="005">20180507072453.5</marc:controlfield>
      <marc:controlfield tag="008">880630s1896    enkab         000 0 eng d</marc:controlfield>
      <marc:datafield tag="035" ind1=" " ind2=" ">
            <marc:subfield code="a">ocm18156534</marc:subfield>
        </marc:datafield>
      <marc:datafield tag="035" ind1=" " ind2=" ">
            <marc:subfield code="a">(OCoLC)18156534</marc:subfield>
        </marc:datafield>
      <marc:datafield tag="035" ind1=" " ind2=" ">
            <marc:subfield code="a">(OCoLC)ocm18156534 </marc:subfield>
        </marc:datafield>
      <marc:datafield tag="035" ind1=" " ind2=" ">
            <marc:subfield code="a">(EXLNZ-01ALLIANCE_NETWORK)99138401710001451</marc:subfield>
        </marc:datafield>
      <marc:datafield tag="040" ind1=" " ind2=" ">
            <marc:subfield code="a">WAU</marc:subfield>
            <marc:subfield code="b">eng</marc:subfield>
            <marc:subfield code="c">WAU</marc:subfield>
            <marc:subfield code="d">OCLCG</marc:subfield>
            <marc:subfield code="d">OCLCQ</marc:subfield>
            <marc:subfield code="d">OCLCO</marc:subfield>
            <marc:subfield code="d">OCLCF</marc:subfield>
            <marc:subfield code="d">OCLCQ</marc:subfield>
            <marc:subfield code="d">GZM</marc:subfield>
        </marc:datafield>
      <marc:datafield tag="043" ind1=" " ind2=" ">
            <marc:subfield code="a">a-ii---</marc:subfield>
        </marc:datafield>
      <marc:datafield tag="049" ind1=" " ind2=" ">
            <marc:subfield code="a">MAIN</marc:subfield>
        </marc:datafield>
      <marc:datafield tag="050" ind1=" " ind2="4">
            <marc:subfield code="a">RA312.B6</marc:subfield>
            <marc:subfield code="b">A39 1896</marc:subfield>
        </marc:datafield>
      <marc:datafield tag="100" ind1="1" ind2=" ">
            <marc:subfield code="a">Acworth, Harry Arbuthnot,</marc:subfield>
            <marc:subfield code="d">1849-1933.</marc:subfield>
        </marc:datafield>
      <marc:datafield tag="245" ind1="1" ind2="0">
            <marc:subfield code="a">History of the drainage and sewerage of Bombay, written at the request of the Bombay municipal corporation.</marc:subfield>
        </marc:datafield>
      <marc:datafield tag="260" ind1=" " ind2=" ">
            <marc:subfield code="a">London,</marc:subfield>
            <marc:subfield code="b">W. Clowes,</marc:subfield>
            <marc:subfield code="c">1896.</marc:subfield>
        </marc:datafield>
      <marc:datafield tag="300" ind1=" " ind2=" ">
            <marc:subfield code="a">101 pages</marc:subfield>
            <marc:subfield code="b">frontispiece (folded map) illustrations</marc:subfield>
        </marc:datafield>
      <marc:datafield tag="336" ind1=" " ind2=" ">
            <marc:subfield code="a">text</marc:subfield>
            <marc:subfield code="b">txt</marc:subfield>
            <marc:subfield code="2">rdacontent</marc:subfield>
        </marc:datafield>
      <marc:datafield tag="337" ind1=" " ind2=" ">
            <marc:subfield code="a">unmediated</marc:subfield>
            <marc:subfield code="b">n</marc:subfield>
            <marc:subfield code="2">rdamedia</marc:subfield>
        </marc:datafield>
      <marc:datafield tag="338" ind1=" " ind2=" ">
            <marc:subfield code="a">volume</marc:subfield>
            <marc:subfield code="b">nc</marc:subfield>
            <marc:subfield code="2">rdacarrier</marc:subfield>
        </marc:datafield>
      <marc:datafield tag="500" ind1=" " ind2=" ">
            <marc:subfield code="a">2 fold. maps in pocket.</marc:subfield>
        </marc:datafield>
      <marc:datafield tag="651" ind1=" " ind2="0">
            <marc:subfield code="a">Mumbai (India)</marc:subfield>
            <marc:subfield code="x">Sewerage.</marc:subfield>
        </marc:datafield>
      <marc:datafield tag="651" ind1=" " ind2="7">
            <marc:subfield code="a">India</marc:subfield>
            <marc:subfield code="z">Mumbai.</marc:subfield>
            <marc:subfield code="2">fast</marc:subfield>
            <marc:subfield code="0">(OCoLC)fst01802300</marc:subfield>
        </marc:datafield>
      <marc:datafield tag="650" ind1=" " ind2="7">
            <marc:subfield code="a">Sewerage.</marc:subfield>
            <marc:subfield code="2">fast</marc:subfield>
            <marc:subfield code="0">(OCoLC)fst01114083</marc:subfield>
        </marc:datafield>
      <marc:datafield tag="776" ind1="0" ind2="8">
            <marc:subfield code="i">Online version:</marc:subfield>
            <marc:subfield code="a">Acworth, Harry Arbuthnot, 1849-1933.</marc:subfield>
            <marc:subfield code="t">History of the drainage and sewerage of Bombay, written at the request of the Bombay municipal corporation.</marc:subfield>
            <marc:subfield code="d">London, W. Clowes, 1896</marc:subfield>
            <marc:subfield code="w">(OCoLC)988951007</marc:subfield>
        </marc:datafield>
      <marc:datafield tag="978" ind1=" " ind2=" ">
            <marc:subfield code="a">.b23805572</marc:subfield>
            <marc:subfield code="9">LOCAL</marc:subfield>
        </marc:datafield>
      <marc:datafield tag="994" ind1=" " ind2=" ">
            <marc:subfield code="a">92</marc:subfield>
            <marc:subfield code="b">OCACL</marc:subfield>
        </marc:datafield>
      <marc:datafield tag="955" ind1=" " ind2=" ">
        <marc:subfield code="b">39352012178240</marc:subfield>
      </marc:datafield>
   </marc:record>