
    <marc:record>
      <marc:leader>01892cam a2200385Ii 4500</marc:leader>
      <marc:controlfield tag="001">99150720030001452</marc:controlfield>
      <marc:controlfield tag="005">20151217063951.2</marc:controlfield>
      <marc:controlfield tag="008">151110s1979    vm           f000 0 vie d</marc:controlfield>
      <marc:datafield tag="035" ind1=" " ind2=" ">
            <marc:subfield code="a">(OCoLC)928644638</marc:subfield>
        </marc:datafield>
      <marc:datafield tag="035" ind1=" " ind2=" ">
            <marc:subfield code="a">(OCoLC)ocn928644638</marc:subfield>
        </marc:datafield>
      <marc:datafield tag="035" ind1=" " ind2=" ">
            <marc:subfield code="a">(EXLNZ-01ALLIANCE_NETWORK)99321346483701451</marc:subfield>
        </marc:datafield>
      <marc:datafield tag="040" ind1=" " ind2=" ">
            <marc:subfield code="a">WAU</marc:subfield>
            <marc:subfield code="b">eng</marc:subfield>
            <marc:subfield code="e">rda</marc:subfield>
            <marc:subfield code="c">WAU</marc:subfield>
            <marc:subfield code="d">OCLCF</marc:subfield>
        </marc:datafield>
      <marc:datafield tag="043" ind1=" " ind2=" ">
            <marc:subfield code="a">a-vt---</marc:subfield>
        </marc:datafield>
      <marc:datafield tag="049" ind1=" " ind2=" ">
            <marc:subfield code="a">MAIN</marc:subfield>
        </marc:datafield>
      <marc:datafield tag="050" ind1=" " ind2="4">
            <marc:subfield code="a">DS559.912</marc:subfield>
            <marc:subfield code="b">.V47 1979</marc:subfield>
        </marc:datafield>
      <marc:datafield tag="110" ind1="1" ind2=" ">
            <marc:subfield code="a">Vietnam.</marc:subfield>
            <marc:subfield code="b">Hội đò̂ng Chính phủ,</marc:subfield>
            <marc:subfield code="e">author.</marc:subfield>
        </marc:datafield>
      <marc:datafield tag="245" ind1="1" ind2="0">
            <marc:subfield code="a">Báo cáo của Hội đồng Chính phủ về thắng lợi vĩ đại của hai cuộc chiến tranh bảo vệ tổ quốc và nhiệm vụ của toàn dân và toàn quân ta trước tình hình mới /</marc:subfield>
            <marc:subfield code="c">do Đại tướng Võ Nguyên Giáp, Ủy viên Bộ chính trị trung ương Đảng, Phó thủ tướng Chính phủ kiêm Bộ trưởng Bộ quốc phòng trình bày.</marc:subfield>
        </marc:datafield>
      <marc:datafield tag="246" ind1="1" ind2=" ">
            <marc:subfield code="i">At head of title:</marc:subfield>
            <marc:subfield code="a">Quốc hội khóa VI, kỳ họp thứ năm.</marc:subfield>
        </marc:datafield>
      <marc:datafield tag="264" ind1=" " ind2="1">
            <marc:subfield code="a">[Vietnam] :</marc:subfield>
            <marc:subfield code="b">[Quốc hội],</marc:subfield>
            <marc:subfield code="c">1979.</marc:subfield>
        </marc:datafield>
      <marc:datafield tag="300" ind1=" " ind2=" ">
            <marc:subfield code="a">42 pages ;</marc:subfield>
            <marc:subfield code="c">26 cm</marc:subfield>
        </marc:datafield>
      <marc:datafield tag="336" ind1=" " ind2=" ">
            <marc:subfield code="a">text</marc:subfield>
            <marc:subfield code="b">txt</marc:subfield>
            <marc:subfield code="2">rdacontent</marc:subfield>
        </marc:datafield>
      <marc:datafield tag="337" ind1=" " ind2=" ">
            <marc:subfield code="a">unmediated</marc:subfield>
            <marc:subfield code="b">n</marc:subfield>
            <marc:subfield code="2">rdamedia</marc:subfield>
        </marc:datafield>
      <marc:datafield tag="338" ind1=" " ind2=" ">
            <marc:subfield code="a">volume</marc:subfield>
            <marc:subfield code="b">nc</marc:subfield>
            <marc:subfield code="2">rdacarrier</marc:subfield>
        </marc:datafield>
      <marc:datafield tag="500" ind1=" " ind2=" ">
            <marc:subfield code="a">"Cộng hòa xã hội chủ nghĩa Việt Nam, Độc lập - Tự do - Hạnh phúc."</marc:subfield>
        </marc:datafield>
      <marc:datafield tag="500" ind1=" " ind2=" ">
            <marc:subfield code="a">"Tháng 5 - 1979."</marc:subfield>
        </marc:datafield>
      <marc:datafield tag="651" ind1=" " ind2="0">
            <marc:subfield code="a">Vietnam</marc:subfield>
            <marc:subfield code="x">Politics and government</marc:subfield>
            <marc:subfield code="y">1975-</marc:subfield>
        </marc:datafield>
      <marc:datafield tag="651" ind1=" " ind2="0">
            <marc:subfield code="a">Vietnam</marc:subfield>
            <marc:subfield code="x">Strategic aspects.</marc:subfield>
        </marc:datafield>
      <marc:datafield tag="651" ind1=" " ind2="7">
            <marc:subfield code="a">Vietnam.</marc:subfield>
            <marc:subfield code="2">fast</marc:subfield>
            <marc:subfield code="0">(OCoLC)fst01204778</marc:subfield>
        </marc:datafield>
      <marc:datafield tag="650" ind1=" " ind2="7">
            <marc:subfield code="a">Politics and government.</marc:subfield>
            <marc:subfield code="2">fast</marc:subfield>
            <marc:subfield code="0">(OCoLC)fst01919741</marc:subfield>
        </marc:datafield>
      <marc:datafield tag="650" ind1=" " ind2="7">
            <marc:subfield code="a">Strategic aspects of individual places.</marc:subfield>
            <marc:subfield code="2">fast</marc:subfield>
            <marc:subfield code="0">(OCoLC)fst01355062</marc:subfield>
        </marc:datafield>
      <marc:datafield tag="648" ind1=" " ind2="7">
            <marc:subfield code="a">Since 1975</marc:subfield>
            <marc:subfield code="2">fast</marc:subfield>
        </marc:datafield>
      <marc:datafield tag="700" ind1="1" ind2=" ">
            <marc:subfield code="a">Võ, Nguyên Giáp,</marc:subfield>
            <marc:subfield code="d">1911-2013,</marc:subfield>
            <marc:subfield code="e">speaker.</marc:subfield>
        </marc:datafield>
      <marc:datafield tag="710" ind1="1" ind2=" ">
            <marc:subfield code="a">Vietnam.</marc:subfield>
            <marc:subfield code="b">Quốc hội,</marc:subfield>
            <marc:subfield code="e">addressee,</marc:subfield>
            <marc:subfield code="e">issuing body.</marc:subfield>
        </marc:datafield>
      <marc:datafield tag="978" ind1=" " ind2=" ">
            <marc:subfield code="a">.b71252319</marc:subfield>
            <marc:subfield code="9">local</marc:subfield>
        </marc:datafield>
      <marc:datafield tag="994" ind1=" " ind2=" ">
            <marc:subfield code="a">92</marc:subfield>
            <marc:subfield code="b">OCACL</marc:subfield>
        </marc:datafield>
      <marc:datafield tag="955" ind1=" " ind2=" ">
         <marc:subfield code="b">39352078754975</marc:subfield>
      </marc:datafield>
   </marc:record>