
    <marc:record>
      <marc:leader>01372cam a2200337Ii 4500</marc:leader>
      <marc:controlfield tag="001">99161911553401452</marc:controlfield>
      <marc:controlfield tag="005">20180615103229.3</marc:controlfield>
      <marc:controlfield tag="008">151230s1988    kz       d    000 0 kazod</marc:controlfield>
      <marc:datafield tag="035" ind1=" " ind2=" ">
            <marc:subfield code="a">(OCoLC)933561340</marc:subfield>
        </marc:datafield>
      <marc:datafield tag="035" ind1=" " ind2=" ">
            <marc:subfield code="a">(OCoLC)ocn933561340</marc:subfield>
        </marc:datafield>
      <marc:datafield tag="035" ind1=" " ind2=" ">
            <marc:subfield code="a">(EXLNZ-01ALLIANCE_NETWORK)99321477686401451</marc:subfield>
        </marc:datafield>
      <marc:datafield tag="040" ind1=" " ind2=" ">
            <marc:subfield code="a">WAU</marc:subfield>
            <marc:subfield code="b">eng</marc:subfield>
            <marc:subfield code="e">rda</marc:subfield>
            <marc:subfield code="c">WAU</marc:subfield>
            <marc:subfield code="d">WAU</marc:subfield>
            <marc:subfield code="d">OCLCF</marc:subfield>
        </marc:datafield>
      <marc:datafield tag="049" ind1=" " ind2=" ">
            <marc:subfield code="a">MAIN</marc:subfield>
        </marc:datafield>
      <marc:datafield tag="050" ind1=" " ind2="4">
            <marc:subfield code="a">PL76.4</marc:subfield>
            <marc:subfield code="b">.B47 1988</marc:subfield>
        </marc:datafield>
      <marc:datafield tag="066" ind1=" " ind2=" ">
            <marc:subfield code="c">Cyrl</marc:subfield>
            <marc:subfield code="c">(N</marc:subfield>
            <marc:subfield code="c">(Q</marc:subfield>
        </marc:datafield>
      <marc:datafield tag="100" ind1="1" ind2=" ">
            <marc:subfield code="6">880-01</marc:subfield>
            <marc:subfield code="a">Belbaeva, M.</marc:subfield>
            <marc:subfield code="q">(Marua),</marc:subfield>
            <marc:subfield code="e">author.</marc:subfield>
        </marc:datafield>
      <marc:datafield tag="880" ind1="1" ind2=" ">
            <marc:subfield code="6">100-01/(N</marc:subfield>
            <marc:subfield code="a">Белбаева, М.</marc:subfield>
            <marc:subfield code="q">(Маруа),</marc:subfield>
            <marc:subfield code="e">author.</marc:subfield>
        </marc:datafield>
      <marc:datafield tag="245" ind1="1" ind2="0">
            <marc:subfield code="6">880-02</marc:subfield>
            <marc:subfield code="a">Qazaq tīlīnīn︠g︡ omonimder sȯzdīgī /</marc:subfield>
            <marc:subfield code="c">M. Belbaeva.</marc:subfield>
        </marc:datafield>
      <marc:datafield tag="880" ind1="1" ind2="0">
            <marc:subfield code="6">245-02/Cyrl</marc:subfield>
            <marc:subfield code="a">Қазақ тілінің омонимдер сөздігі /</marc:subfield>
            <marc:subfield code="c">М. Белбаева.</marc:subfield>
        </marc:datafield>
      <marc:datafield tag="246" ind1="1" ind2=" ">
            <marc:subfield code="6">880-03</marc:subfield>
            <marc:subfield code="i">Title on title page verso:</marc:subfield>
            <marc:subfield code="a">Slovarʹ omonimov kazakhskogo i︠a︡zyka</marc:subfield>
        </marc:datafield>
      <marc:datafield tag="880" ind1="1" ind2=" ">
            <marc:subfield code="6">246-03/(N</marc:subfield>
            <marc:subfield code="i">Title on title page verso:</marc:subfield>
            <marc:subfield code="a">Словарь омонимов казахского языка</marc:subfield>
        </marc:datafield>
      <marc:datafield tag="264" ind1=" " ind2="1">
            <marc:subfield code="6">880-04</marc:subfield>
            <marc:subfield code="a">Almaty :</marc:subfield>
            <marc:subfield code="b">"Mektep",</marc:subfield>
            <marc:subfield code="c">1988.</marc:subfield>
        </marc:datafield>
      <marc:datafield tag="880" ind1=" " ind2="1">
            <marc:subfield code="6">264-04/(N</marc:subfield>
            <marc:subfield code="a">Алматы :</marc:subfield>
            <marc:subfield code="b">"Мектеп",</marc:subfield>
            <marc:subfield code="c">1988.</marc:subfield>
        </marc:datafield>
      <marc:datafield tag="300" ind1=" " ind2=" ">
            <marc:subfield code="a">191 pages</marc:subfield>
        </marc:datafield>
      <marc:datafield tag="336" ind1=" " ind2=" ">
            <marc:subfield code="a">text</marc:subfield>
            <marc:subfield code="b">txt</marc:subfield>
            <marc:subfield code="2">rdacontent</marc:subfield>
        </marc:datafield>
      <marc:datafield tag="337" ind1=" " ind2=" ">
            <marc:subfield code="a">unmediated</marc:subfield>
            <marc:subfield code="b">n</marc:subfield>
            <marc:subfield code="2">rdamedia</marc:subfield>
        </marc:datafield>
      <marc:datafield tag="338" ind1=" " ind2=" ">
            <marc:subfield code="a">volume</marc:subfield>
            <marc:subfield code="b">nc</marc:subfield>
            <marc:subfield code="2">rdacarrier</marc:subfield>
        </marc:datafield>
      <marc:datafield tag="546" ind1=" " ind2=" ">
            <marc:subfield code="a">In Kazakh.</marc:subfield>
        </marc:datafield>
      <marc:datafield tag="650" ind1=" " ind2="0">
            <marc:subfield code="a">Kazakh language</marc:subfield>
            <marc:subfield code="x">Homonyms</marc:subfield>
            <marc:subfield code="v">Dictionaries.</marc:subfield>
        </marc:datafield>
      <marc:datafield tag="655" ind1=" " ind2="7">
            <marc:subfield code="a">Dictionaries.</marc:subfield>
            <marc:subfield code="2">fast</marc:subfield>
            <marc:subfield code="0">(OCoLC)fst01423826</marc:subfield>
        </marc:datafield>
      <marc:datafield tag="994" ind1=" " ind2=" ">
            <marc:subfield code="a">92</marc:subfield>
            <marc:subfield code="b">OCACL</marc:subfield>
        </marc:datafield>
      <marc:datafield tag="955" ind1=" " ind2=" ">
        <marc:subfield code="b">39352078909249</marc:subfield>
      </marc:datafield>
   </marc:record>