
    <marc:record>
      <marc:leader>01018cam a2200301Ii 4500</marc:leader>
      <marc:controlfield tag="001">99162115637401452</marc:controlfield>
      <marc:controlfield tag="005">20180723011401.9</marc:controlfield>
      <marc:controlfield tag="008">180619s1941    lv c          000 p lav d</marc:controlfield>
      <marc:datafield tag="035" ind1=" " ind2=" ">
            <marc:subfield code="a">(OCoLC)1041125149</marc:subfield>
        </marc:datafield>
      <marc:datafield tag="035" ind1=" " ind2=" ">
            <marc:subfield code="a">(OCoLC)on1041125149</marc:subfield>
        </marc:datafield>
      <marc:datafield tag="035" ind1=" " ind2=" ">
            <marc:subfield code="a">(EXLNZ-01ALLIANCE_NETWORK)99325635279401451</marc:subfield>
        </marc:datafield>
      <marc:datafield tag="040" ind1=" " ind2=" ">
            <marc:subfield code="a">WAU</marc:subfield>
            <marc:subfield code="b">eng</marc:subfield>
            <marc:subfield code="e">rda</marc:subfield>
            <marc:subfield code="c">WAU</marc:subfield>
            <marc:subfield code="d">OCLCF</marc:subfield>
        </marc:datafield>
      <marc:datafield tag="049" ind1=" " ind2=" ">
            <marc:subfield code="a">MAIN</marc:subfield>
        </marc:datafield>
      <marc:datafield tag="050" ind1=" " ind2="4">
            <marc:subfield code="a">PG9048.V54</marc:subfield>
            <marc:subfield code="b">A6 1941</marc:subfield>
        </marc:datafield>
      <marc:datafield tag="100" ind1="1" ind2=" ">
            <marc:subfield code="a">Virza, Edvarts,</marc:subfield>
            <marc:subfield code="d">1883-1940,</marc:subfield>
            <marc:subfield code="e">author.</marc:subfield>
        </marc:datafield>
      <marc:datafield tag="240" ind1="1" ind2="0">
            <marc:subfield code="a">Poems.</marc:subfield>
            <marc:subfield code="k">Selections</marc:subfield>
        </marc:datafield>
      <marc:datafield tag="245" ind1="1" ind2="0">
            <marc:subfield code="a">Edvarta Virzas pēdējas dzejas /</marc:subfield>
            <marc:subfield code="c">sakārtojusi Elza Sterste ; grafiski iekārtojis Valdemārs Tone.</marc:subfield>
        </marc:datafield>
      <marc:datafield tag="246" ind1="3" ind2="0">
            <marc:subfield code="a">Pēdējas dzejas</marc:subfield>
        </marc:datafield>
      <marc:datafield tag="264" ind1=" " ind2="1">
            <marc:subfield code="a">Rīgā :</marc:subfield>
            <marc:subfield code="b">Apgāds Latvju grāmata,</marc:subfield>
            <marc:subfield code="c">1941.</marc:subfield>
        </marc:datafield>
      <marc:datafield tag="300" ind1=" " ind2=" ">
            <marc:subfield code="a">83 pages :</marc:subfield>
            <marc:subfield code="b">portrait ;</marc:subfield>
            <marc:subfield code="c">25 cm</marc:subfield>
        </marc:datafield>
      <marc:datafield tag="336" ind1=" " ind2=" ">
            <marc:subfield code="a">text</marc:subfield>
            <marc:subfield code="b">txt</marc:subfield>
            <marc:subfield code="2">rdacontent</marc:subfield>
        </marc:datafield>
      <marc:datafield tag="337" ind1=" " ind2=" ">
            <marc:subfield code="a">unmediated</marc:subfield>
            <marc:subfield code="b">n</marc:subfield>
            <marc:subfield code="2">rdamedia</marc:subfield>
        </marc:datafield>
      <marc:datafield tag="338" ind1=" " ind2=" ">
            <marc:subfield code="a">volume</marc:subfield>
            <marc:subfield code="b">nc</marc:subfield>
            <marc:subfield code="2">rdacarrier</marc:subfield>
        </marc:datafield>
      <marc:datafield tag="386" ind1=" " ind2=" ">
            <marc:subfield code="a">Latvians</marc:subfield>
            <marc:subfield code="2">lcdgt</marc:subfield>
        </marc:datafield>
      <marc:datafield tag="655" ind1=" " ind2="7">
            <marc:subfield code="a">Poetry.</marc:subfield>
            <marc:subfield code="2">lcgft</marc:subfield>
        </marc:datafield>
      <marc:datafield tag="655" ind1=" " ind2="7">
            <marc:subfield code="a">Poetry.</marc:subfield>
            <marc:subfield code="2">fast</marc:subfield>
            <marc:subfield code="0">(OCoLC)fst01423828</marc:subfield>
        </marc:datafield>
      <marc:datafield tag="700" ind1="1" ind2=" ">
            <marc:subfield code="a">Stērste, Elza,</marc:subfield>
            <marc:subfield code="e">editor.</marc:subfield>
        </marc:datafield>
      <marc:datafield tag="994" ind1=" " ind2=" ">
            <marc:subfield code="a">92</marc:subfield>
            <marc:subfield code="b">OCACL</marc:subfield>
        </marc:datafield>
      <marc:datafield tag="955" ind1=" " ind2=" ">
        <marc:subfield code="b">39352078091907</marc:subfield>
      </marc:datafield>
   </marc:record>