
    <marc:record>
      <marc:leader>01765cam a2200445Ia 4500</marc:leader>
      <marc:controlfield tag="001">99156401660001452</marc:controlfield>
      <marc:controlfield tag="005">20170403071542.2</marc:controlfield>
      <marc:controlfield tag="008">860513s1944    dcuae    b   f000 0 eng  </marc:controlfield>
      <marc:datafield tag="010" ind1=" " ind2=" ">
            <marc:subfield code="a">   44005132 </marc:subfield>
        </marc:datafield>
      <marc:datafield tag="035" ind1=" " ind2=" ">
            <marc:subfield code="a">ocm13565449</marc:subfield>
        </marc:datafield>
      <marc:datafield tag="035" ind1=" " ind2=" ">
            <marc:subfield code="a">(OCoLC)13565449</marc:subfield>
        </marc:datafield>
      <marc:datafield tag="035" ind1=" " ind2=" ">
            <marc:subfield code="a">(OCoLC)ocm13565449 </marc:subfield>
        </marc:datafield>
      <marc:datafield tag="035" ind1=" " ind2=" ">
            <marc:subfield code="a">(EXLNZ-01ALLIANCE_NETWORK)99168586540001451</marc:subfield>
        </marc:datafield>
      <marc:datafield tag="040" ind1=" " ind2=" ">
            <marc:subfield code="a">DLC</marc:subfield>
            <marc:subfield code="b">eng</marc:subfield>
            <marc:subfield code="c">CUY</marc:subfield>
            <marc:subfield code="d">OCLCG</marc:subfield>
            <marc:subfield code="d">OCLCF</marc:subfield>
            <marc:subfield code="d">OCLCQ</marc:subfield>
            <marc:subfield code="d">OCLCO</marc:subfield>
            <marc:subfield code="d">OCL</marc:subfield>
            <marc:subfield code="d">ISL</marc:subfield>
        </marc:datafield>
      <marc:datafield tag="041" ind1="1" ind2=" ">
            <marc:subfield code="a">eng</marc:subfield>
            <marc:subfield code="h">spa</marc:subfield>
        </marc:datafield>
      <marc:datafield tag="043" ind1=" " ind2=" ">
            <marc:subfield code="a">s-pe---</marc:subfield>
        </marc:datafield>
      <marc:datafield tag="049" ind1=" " ind2=" ">
            <marc:subfield code="a">MAIN</marc:subfield>
        </marc:datafield>
      <marc:datafield tag="050" ind1="0" ind2=" ">
            <marc:subfield code="a">F3430</marc:subfield>
            <marc:subfield code="b">.S233</marc:subfield>
        </marc:datafield>
      <marc:datafield tag="086" ind1="0" ind2=" ">
            <marc:subfield code="a">PR 32.4613:SA 1</marc:subfield>
        </marc:datafield>
      <marc:datafield tag="100" ind1="1" ind2=" ">
            <marc:subfield code="a">Sáenz, Moisés,</marc:subfield>
            <marc:subfield code="d">1888-1941.</marc:subfield>
        </marc:datafield>
      <marc:datafield tag="240" ind1="1" ind2="0">
            <marc:subfield code="a">Sobre el indio peruano y su incorporacion al medio nacional.</marc:subfield>
            <marc:subfield code="l">English</marc:subfield>
        </marc:datafield>
      <marc:datafield tag="245" ind1="1" ind2="4">
            <marc:subfield code="a">The Peruvian Indian /</marc:subfield>
            <marc:subfield code="c">translated by the staff of the Strategic Index of the Americas ... .</marc:subfield>
        </marc:datafield>
      <marc:datafield tag="260" ind1=" " ind2=" ">
            <marc:subfield code="a">[Washington] :</marc:subfield>
            <marc:subfield code="b">[G.P.O.],</marc:subfield>
            <marc:subfield code="c">[1944]</marc:subfield>
        </marc:datafield>
      <marc:datafield tag="300" ind1=" " ind2=" ">
            <marc:subfield code="a">vi, 144 (i.e. 145) pages :</marc:subfield>
            <marc:subfield code="b">illustrations, plans ;</marc:subfield>
            <marc:subfield code="c">32 cm</marc:subfield>
        </marc:datafield>
      <marc:datafield tag="336" ind1=" " ind2=" ">
            <marc:subfield code="a">text</marc:subfield>
            <marc:subfield code="b">txt</marc:subfield>
            <marc:subfield code="2">rdacontent</marc:subfield>
        </marc:datafield>
      <marc:datafield tag="337" ind1=" " ind2=" ">
            <marc:subfield code="a">unmediated</marc:subfield>
            <marc:subfield code="b">n</marc:subfield>
            <marc:subfield code="2">rdamedia</marc:subfield>
        </marc:datafield>
      <marc:datafield tag="338" ind1=" " ind2=" ">
            <marc:subfield code="a">volume</marc:subfield>
            <marc:subfield code="b">nc</marc:subfield>
            <marc:subfield code="2">rdacarrier</marc:subfield>
        </marc:datafield>
      <marc:datafield tag="500" ind1=" " ind2=" ">
            <marc:subfield code="a">Caption title.</marc:subfield>
        </marc:datafield>
      <marc:datafield tag="500" ind1=" " ind2=" ">
            <marc:subfield code="a">At head of title: Coordinator of Inter-American affairs, Office for Emergency Management, Washington, D.C., Research Division. SI-T-2.</marc:subfield>
        </marc:datafield>
      <marc:datafield tag="500" ind1=" " ind2=" ">
            <marc:subfield code="a">Reproduced from typewritten copy.</marc:subfield>
        </marc:datafield>
      <marc:datafield tag="504" ind1=" " ind2=" ">
            <marc:subfield code="a">Includes bibliographical references (pages 139-144).</marc:subfield>
        </marc:datafield>
      <marc:datafield tag="650" ind1=" " ind2="0">
            <marc:subfield code="a">Indians of South America</marc:subfield>
            <marc:subfield code="z">Peru.</marc:subfield>
        </marc:datafield>
      <marc:datafield tag="650" ind1=" " ind2="7">
            <marc:subfield code="a">Indians of South America.</marc:subfield>
            <marc:subfield code="2">fast</marc:subfield>
            <marc:subfield code="0">(OCoLC)fst00969962</marc:subfield>
        </marc:datafield>
      <marc:datafield tag="650" ind1=" " ind2="7">
            <marc:subfield code="a">Social conditions</marc:subfield>
            <marc:subfield code="2">fast</marc:subfield>
            <marc:subfield code="0">(OCoLC)fst01919811</marc:subfield>
        </marc:datafield>
      <marc:datafield tag="651" ind1=" " ind2="0">
            <marc:subfield code="a">Peru</marc:subfield>
            <marc:subfield code="x">Social conditions.</marc:subfield>
        </marc:datafield>
      <marc:datafield tag="651" ind1=" " ind2="7">
            <marc:subfield code="a">Peru.</marc:subfield>
            <marc:subfield code="2">fast</marc:subfield>
            <marc:subfield code="0">(OCoLC)fst01205190</marc:subfield>
        </marc:datafield>
      <marc:datafield tag="710" ind1="2" ind2=" ">
            <marc:subfield code="a">Strategic Index of the Americas.</marc:subfield>
        </marc:datafield>
      <marc:datafield tag="710" ind1="1" ind2=" ">
            <marc:subfield code="a">United States.</marc:subfield>
            <marc:subfield code="b">Office of Inter-American Affairs.</marc:subfield>
            <marc:subfield code="b">Research Division.</marc:subfield>
        </marc:datafield>
      <marc:datafield tag="978" ind1=" " ind2=" ">
            <marc:subfield code="a">.b41689963</marc:subfield>
            <marc:subfield code="9">LOCAL</marc:subfield>
        </marc:datafield>
      <marc:datafield tag="994" ind1=" " ind2=" ">
            <marc:subfield code="a">92</marc:subfield>
            <marc:subfield code="b">OCACL</marc:subfield>
        </marc:datafield>
      <marc:datafield tag="955" ind1=" " ind2=" ">
        <marc:subfield code="b">39352048842488</marc:subfield>
      </marc:datafield>
   </marc:record>