
    <marc:record>
      <marc:leader>01790cam a2200397Ia 4500</marc:leader>
      <marc:controlfield tag="001">99161949037901452</marc:controlfield>
      <marc:controlfield tag="005">20180612061825.9</marc:controlfield>
      <marc:controlfield tag="008">900517s1952    cg            000 0dfre d</marc:controlfield>
      <marc:datafield tag="035" ind1=" " ind2=" ">
            <marc:subfield code="a">(OCoLC)21550824</marc:subfield>
        </marc:datafield>
      <marc:datafield tag="035" ind1=" " ind2=" ">
            <marc:subfield code="a">(OCoLC)ocm21550824 </marc:subfield>
        </marc:datafield>
      <marc:datafield tag="035" ind1=" " ind2=" ">
            <marc:subfield code="a">(EXLNZ-01ALLIANCE_NETWORK)99322062805701451</marc:subfield>
        </marc:datafield>
      <marc:datafield tag="040" ind1=" " ind2=" ">
            <marc:subfield code="a">CLU</marc:subfield>
            <marc:subfield code="b">eng</marc:subfield>
            <marc:subfield code="c">CLU</marc:subfield>
            <marc:subfield code="d">LHM</marc:subfield>
            <marc:subfield code="d">OCLCG</marc:subfield>
            <marc:subfield code="d">STF</marc:subfield>
            <marc:subfield code="d">OCLCQ</marc:subfield>
            <marc:subfield code="d">OCLCF</marc:subfield>
            <marc:subfield code="d">OCLCQ</marc:subfield>
            <marc:subfield code="d">OCLCO</marc:subfield>
            <marc:subfield code="d">OCL</marc:subfield>
            <marc:subfield code="d">WAU</marc:subfield>
            <marc:subfield code="d">OCLCA</marc:subfield>
            <marc:subfield code="d">WAU</marc:subfield>
        </marc:datafield>
      <marc:datafield tag="043" ind1=" " ind2=" ">
            <marc:subfield code="a">e-gr---</marc:subfield>
        </marc:datafield>
      <marc:datafield tag="049" ind1=" " ind2=" ">
            <marc:subfield code="a">MAIN</marc:subfield>
        </marc:datafield>
      <marc:datafield tag="050" ind1="1" ind2="4">
            <marc:subfield code="a">DS135.G72</marc:subfield>
            <marc:subfield code="b">F72 1952</marc:subfield>
        </marc:datafield>
      <marc:datafield tag="100" ind1="1" ind2=" ">
            <marc:subfield code="a">Franco, Hizkia M.,</marc:subfield>
            <marc:subfield code="d">1875-1953.</marc:subfield>
        </marc:datafield>
      <marc:datafield tag="245" ind1="1" ind2="4">
            <marc:subfield code="a">Les martyrs juifs de Rhodes et de Cos /</marc:subfield>
            <marc:subfield code="c">par Hizkia M. Franco, ex-Preśident de la Communauté Israélite de Rhodes.</marc:subfield>
        </marc:datafield>
      <marc:datafield tag="260" ind1=" " ind2=" ">
            <marc:subfield code="a">Elisabethville :</marc:subfield>
            <marc:subfield code="b">Publié sous le patronage de la Congrégation Israélite du Katanga,</marc:subfield>
            <marc:subfield code="c">1952.</marc:subfield>
        </marc:datafield>
      <marc:datafield tag="300" ind1=" " ind2=" ">
            <marc:subfield code="a">173 pages ;</marc:subfield>
            <marc:subfield code="c">22 cm</marc:subfield>
        </marc:datafield>
      <marc:datafield tag="336" ind1=" " ind2=" ">
            <marc:subfield code="a">text</marc:subfield>
            <marc:subfield code="b">txt</marc:subfield>
            <marc:subfield code="2">rdacontent</marc:subfield>
        </marc:datafield>
      <marc:datafield tag="337" ind1=" " ind2=" ">
            <marc:subfield code="a">unmediated</marc:subfield>
            <marc:subfield code="b">n</marc:subfield>
            <marc:subfield code="2">rdamedia</marc:subfield>
        </marc:datafield>
      <marc:datafield tag="338" ind1=" " ind2=" ">
            <marc:subfield code="a">volume</marc:subfield>
            <marc:subfield code="b">nc</marc:subfield>
            <marc:subfield code="2">rdacarrier</marc:subfield>
        </marc:datafield>
      <marc:datafield tag="386" ind1=" " ind2=" ">
            <marc:subfield code="a">Jews</marc:subfield>
            <marc:subfield code="2">lcdgt</marc:subfield>
        </marc:datafield>
      <marc:datafield tag="611" ind1="0" ind2="7">
            <marc:subfield code="a">Holocaust, Jewish (1939-1945)</marc:subfield>
            <marc:subfield code="2">fast</marc:subfield>
            <marc:subfield code="0">(OCoLC)fst00958866</marc:subfield>
        </marc:datafield>
      <marc:datafield tag="650" ind1=" " ind2="0">
            <marc:subfield code="a">Jews</marc:subfield>
            <marc:subfield code="x">Persecutions</marc:subfield>
            <marc:subfield code="z">Greece</marc:subfield>
            <marc:subfield code="z">Rhodes (Island)</marc:subfield>
        </marc:datafield>
      <marc:datafield tag="650" ind1=" " ind2="0">
            <marc:subfield code="a">Jews</marc:subfield>
            <marc:subfield code="x">Persecutions</marc:subfield>
            <marc:subfield code="z">Greece</marc:subfield>
            <marc:subfield code="z">Kos.</marc:subfield>
        </marc:datafield>
      <marc:datafield tag="650" ind1=" " ind2="0">
            <marc:subfield code="a">Holocaust, Jewish (1939-1945)</marc:subfield>
            <marc:subfield code="z">Greece</marc:subfield>
            <marc:subfield code="z">Rhodes (Island)</marc:subfield>
        </marc:datafield>
      <marc:datafield tag="650" ind1=" " ind2="0">
            <marc:subfield code="a">Holocaust, Jewish (1939-1945)</marc:subfield>
            <marc:subfield code="z">Greece</marc:subfield>
            <marc:subfield code="z">Kos.</marc:subfield>
        </marc:datafield>
      <marc:datafield tag="650" ind1=" " ind2="0">
            <marc:subfield code="a">Holocaust, Jewish (1939-1945)</marc:subfield>
            <marc:subfield code="z">Greece.</marc:subfield>
        </marc:datafield>
      <marc:datafield tag="650" ind1=" " ind2="7">
            <marc:subfield code="a">Jews</marc:subfield>
            <marc:subfield code="x">Persecutions.</marc:subfield>
            <marc:subfield code="2">fast</marc:subfield>
            <marc:subfield code="0">(OCoLC)fst00983322</marc:subfield>
        </marc:datafield>
      <marc:datafield tag="651" ind1=" " ind2="7">
            <marc:subfield code="a">Greece.</marc:subfield>
            <marc:subfield code="2">fast</marc:subfield>
            <marc:subfield code="0">(OCoLC)fst01208380</marc:subfield>
        </marc:datafield>
      <marc:datafield tag="651" ind1=" " ind2="7">
            <marc:subfield code="a">Greece</marc:subfield>
            <marc:subfield code="z">Kos.</marc:subfield>
            <marc:subfield code="2">fast</marc:subfield>
            <marc:subfield code="0">(OCoLC)fst01203964</marc:subfield>
        </marc:datafield>
      <marc:datafield tag="651" ind1=" " ind2="7">
            <marc:subfield code="a">Greece</marc:subfield>
            <marc:subfield code="z">Rhodes (Island)</marc:subfield>
            <marc:subfield code="2">fast</marc:subfield>
            <marc:subfield code="0">(OCoLC)fst01333623</marc:subfield>
        </marc:datafield>
      <marc:datafield tag="648" ind1=" " ind2="7">
            <marc:subfield code="a">1939-1945</marc:subfield>
            <marc:subfield code="2">fast</marc:subfield>
        </marc:datafield>
      <marc:datafield tag="776" ind1="0" ind2="8">
            <marc:subfield code="i">Online version:</marc:subfield>
            <marc:subfield code="a">Franco, Hizkia M., 1875-1953.</marc:subfield>
            <marc:subfield code="t">Martyrs juifs de Rhodes et de Cos.</marc:subfield>
            <marc:subfield code="d">Elisabethville : Publié sous le patronage de la Congrégation Israélite du Katanga, 1952</marc:subfield>
            <marc:subfield code="w">(OCoLC)652065083</marc:subfield>
        </marc:datafield>
      <marc:datafield tag="994" ind1=" " ind2=" ">
            <marc:subfield code="a">92</marc:subfield>
            <marc:subfield code="b">OCACL</marc:subfield>
        </marc:datafield>
      <marc:datafield tag="955" ind1=" " ind2=" ">
         <marc:subfield code="b">39352080515794</marc:subfield>
      </marc:datafield>
   </marc:record>