
    <marc:record>
      <marc:leader>03824cam a2200457Ia 4500</marc:leader>
      <marc:controlfield tag="001">99106360250001452</marc:controlfield>
      <marc:controlfield tag="005">20180629114420.1</marc:controlfield>
      <marc:controlfield tag="008">720927t19591958enkacg   b    000 0 lat  </marc:controlfield>
      <marc:datafield tag="010" ind1=" " ind2=" ">
            <marc:subfield code="a">   59001645 </marc:subfield>
        </marc:datafield>
      <marc:datafield tag="035" ind1=" " ind2=" ">
            <marc:subfield code="a">(OCoLC)00418334</marc:subfield>
        </marc:datafield>
      <marc:datafield tag="035" ind1=" " ind2=" ">
            <marc:subfield code="a">(OCoLC)ocm00418334 </marc:subfield>
        </marc:datafield>
      <marc:datafield tag="035" ind1=" " ind2=" ">
            <marc:subfield code="a">(EXLNZ-01ALLIANCE_NETWORK)99147483430001451</marc:subfield>
        </marc:datafield>
      <marc:datafield tag="040" ind1=" " ind2=" ">
            <marc:subfield code="a">DLC</marc:subfield>
            <marc:subfield code="b">eng</marc:subfield>
            <marc:subfield code="c">OUN</marc:subfield>
            <marc:subfield code="d">SER</marc:subfield>
            <marc:subfield code="d">OCLCQ</marc:subfield>
            <marc:subfield code="d">OCLCG</marc:subfield>
            <marc:subfield code="d">BNY</marc:subfield>
            <marc:subfield code="d">BCO</marc:subfield>
            <marc:subfield code="d">OCLCQ</marc:subfield>
            <marc:subfield code="d">OCLCF</marc:subfield>
            <marc:subfield code="d">OCLCO</marc:subfield>
            <marc:subfield code="d">OCLCQ</marc:subfield>
            <marc:subfield code="d">OCLCA</marc:subfield>
            <marc:subfield code="d">VTS</marc:subfield>
            <marc:subfield code="d">OCLCA</marc:subfield>
        </marc:datafield>
      <marc:datafield tag="041" ind1="0" ind2=" ">
            <marc:subfield code="a">lat</marc:subfield>
            <marc:subfield code="a">eng</marc:subfield>
        </marc:datafield>
      <marc:datafield tag="049" ind1=" " ind2=" ">
            <marc:subfield code="a">MAIN</marc:subfield>
        </marc:datafield>
      <marc:datafield tag="050" ind1="0" ind2="4">
            <marc:subfield code="a">ML55</marc:subfield>
            <marc:subfield code="b">.R35 1959</marc:subfield>
        </marc:datafield>
      <marc:datafield tag="082" ind1="0" ind2=" ">
            <marc:subfield code="a">784.4</marc:subfield>
        </marc:datafield>
      <marc:datafield tag="245" ind1="0" ind2="0">
            <marc:subfield code="a">Studia memoriae Belae Bartók sacra /</marc:subfield>
            <marc:subfield code="c">[adiuvantibus Z. Kodály et L. Lajtha ; curant B. Rajeczky et L. Vargyas].</marc:subfield>
        </marc:datafield>
      <marc:datafield tag="250" ind1=" " ind2=" ">
            <marc:subfield code="a">Ed. 3.</marc:subfield>
        </marc:datafield>
      <marc:datafield tag="260" ind1=" " ind2=" ">
            <marc:subfield code="a">London ;</marc:subfield>
            <marc:subfield code="a">New York :</marc:subfield>
            <marc:subfield code="b">Boosey and Hawkes,</marc:subfield>
            <marc:subfield code="c">1959, ©1958.</marc:subfield>
        </marc:datafield>
      <marc:datafield tag="300" ind1=" " ind2=" ">
            <marc:subfield code="a">535 pages :</marc:subfield>
            <marc:subfield code="b">illustrations, portraits, music ;</marc:subfield>
            <marc:subfield code="c">25 cm</marc:subfield>
        </marc:datafield>
      <marc:datafield tag="336" ind1=" " ind2=" ">
            <marc:subfield code="a">text</marc:subfield>
            <marc:subfield code="b">txt</marc:subfield>
            <marc:subfield code="2">rdacontent</marc:subfield>
        </marc:datafield>
      <marc:datafield tag="337" ind1=" " ind2=" ">
            <marc:subfield code="a">unmediated</marc:subfield>
            <marc:subfield code="b">n</marc:subfield>
            <marc:subfield code="2">rdamedia</marc:subfield>
        </marc:datafield>
      <marc:datafield tag="338" ind1=" " ind2=" ">
            <marc:subfield code="a">volume</marc:subfield>
            <marc:subfield code="b">nc</marc:subfield>
            <marc:subfield code="2">rdacarrier</marc:subfield>
        </marc:datafield>
      <marc:datafield tag="500" ind1=" " ind2=" ">
            <marc:subfield code="a">Part of illustrative matter in pocket.</marc:subfield>
        </marc:datafield>
      <marc:datafield tag="500" ind1=" " ind2=" ">
            <marc:subfield code="a">In English.</marc:subfield>
        </marc:datafield>
      <marc:datafield tag="504" ind1=" " ind2=" ">
            <marc:subfield code="a">Includes bibliographical references.</marc:subfield>
        </marc:datafield>
      <marc:datafield tag="505" ind1="0" ind2=" ">
            <marc:subfield code="a">A prerequisite condition of comparative song research / Zoltán Kodály (Budapest) -- Musical folklore research in Rumania and Béla Bartók's contribution to it / Sabin V. Drăgol (Bucharest) -- The Rumanian popular ballad / Emilia Comişel (Bucharest) -- Bartók's collection of Slovak folk songs / Jozef Kreśanek (Bratislava) -- Propagation and variants of a Bulgarian folk dance / Raina Kacarova-Kukudova (Sofia) -- The folk music of the Croatians / Božidar Širola (Zagreb) -- The tilinca, an ancient Rumanian folk instrument / Tiberiu Alexandru (Bucharest) -- The archaic guitar in Brazil / Luis-Heitor Corrêa de Azevedo (Paris) -- Cariban and Mayan music / Paul Collaer (Bruxelles) -- Fragment of an essay on "Music and sociology" / Jaap Kunst (Amsterdam) -- Twelve ritual melodies of the T'ang Dynasty / Laurence Picken (Cambridge) -- Melodic styles of the Finno-Ugric pastoral peoples / Werner Danckert (Krefeld) -- Older than pentatony / Walter Wiora (Freiburg i. Br.) -- Natural tonal systems / Lajos Bárdos (Budapest) -- Tonal systems derived from permutating intervals / Béla Avasi (Budapest) -- The determining of scales and solmization in Hungarian musical folklore / Pál Járdányi (Budapest) -- Early Russian polyphony / Viktor Beliaev (Moscow) -- Parallels of late-Gregorian ornaments in Hungarian folk songs / Benjamin Rajeczky (Budapest) -- The elements of the Yugoslav folkloric scales in Serbian liturgical chant / Vinko Žganec (Zagreb) -- The strophe of rhymed distichs in Greek songs / Samuel Baud-Bovy (Geneva) -- Pentatony in Debussy's music / Constantin Brăiloiu (Paris) -- Gaelic folk songs from South Uist / Margaret Fay Shaw (Isle of Canna) -- Cecil Sharp, collector of English folk music / Maud Karpeles (London) -- On classifying folk songs and the Corpus Musicae Popularis Hungaricae / György Kerényi (Budapest) -- On dialect problems of Hungarian folk music in Rumania / János Jagamas (Cluj) -- Influence of the bagpipe on Hungarian folk dance music / Lajos Vargyas (Budapest) -- Postscript.</marc:subfield>
        </marc:datafield>
      <marc:datafield tag="546" ind1=" " ind2=" ">
            <marc:subfield code="a">In English.</marc:subfield>
        </marc:datafield>
      <marc:datafield tag="600" ind1="1" ind2="0">
            <marc:subfield code="a">Bartók, Béla,</marc:subfield>
            <marc:subfield code="d">1881-1945.</marc:subfield>
        </marc:datafield>
      <marc:datafield tag="600" ind1="1" ind2="7">
            <marc:subfield code="a">Bartók, Béla,</marc:subfield>
            <marc:subfield code="d">1881-1945.</marc:subfield>
            <marc:subfield code="2">fast</marc:subfield>
            <marc:subfield code="0">(OCoLC)fst00043062</marc:subfield>
        </marc:datafield>
      <marc:datafield tag="650" ind1=" " ind2="0">
            <marc:subfield code="a">Music.</marc:subfield>
        </marc:datafield>
      <marc:datafield tag="650" ind1=" " ind2="0">
            <marc:subfield code="a">Folk songs</marc:subfield>
            <marc:subfield code="x">History and criticism.</marc:subfield>
        </marc:datafield>
      <marc:datafield tag="650" ind1=" " ind2="7">
            <marc:subfield code="a">Folk songs.</marc:subfield>
            <marc:subfield code="2">fast</marc:subfield>
            <marc:subfield code="0">(OCoLC)fst00929707</marc:subfield>
        </marc:datafield>
      <marc:datafield tag="650" ind1=" " ind2="7">
            <marc:subfield code="a">Music.</marc:subfield>
            <marc:subfield code="2">fast</marc:subfield>
            <marc:subfield code="0">(OCoLC)fst01030269</marc:subfield>
        </marc:datafield>
      <marc:datafield tag="655" ind1=" " ind2="7">
            <marc:subfield code="a">Criticism, interpretation, etc.</marc:subfield>
            <marc:subfield code="2">fast</marc:subfield>
            <marc:subfield code="0">(OCoLC)fst01411635</marc:subfield>
        </marc:datafield>
      <marc:datafield tag="700" ind1="1" ind2=" ">
            <marc:subfield code="a">Rajeczky, Benjámin.</marc:subfield>
        </marc:datafield>
      <marc:datafield tag="700" ind1="1" ind2=" ">
            <marc:subfield code="a">Vargyas, Lajos.</marc:subfield>
        </marc:datafield>
      <marc:datafield tag="776" ind1="0" ind2="8">
            <marc:subfield code="i">Online version:</marc:subfield>
            <marc:subfield code="a">Rajeczky, Benjámin.</marc:subfield>
            <marc:subfield code="t">Studia memoriae Belae Bartók sacra.</marc:subfield>
            <marc:subfield code="b">Ed. 3.</marc:subfield>
            <marc:subfield code="d">London, New York, Boosey and Hawkes, 1959 [©1958]</marc:subfield>
            <marc:subfield code="w">(OCoLC)648569576</marc:subfield>
        </marc:datafield>
      <marc:datafield tag="978" ind1=" " ind2=" ">
            <marc:subfield code="a">.b12155184</marc:subfield>
            <marc:subfield code="9">LOCAL</marc:subfield>
        </marc:datafield>
      <marc:datafield tag="994" ind1=" " ind2=" ">
            <marc:subfield code="a">92</marc:subfield>
            <marc:subfield code="b">OCACL</marc:subfield>
        </marc:datafield>
      <marc:datafield tag="955" ind1=" " ind2=" ">
         <marc:subfield code="b">39352025759556</marc:subfield>
      </marc:datafield>
   </marc:record>