
    <marc:record>
      <marc:leader>02378cam a2200481Ma 4500</marc:leader>
      <marc:controlfield tag="001">99161951221601452</marc:controlfield>
      <marc:controlfield tag="005">20170130051716.2</marc:controlfield>
      <marc:controlfield tag="008">990205s1944    nyuach        000 0dyid  </marc:controlfield>
      <marc:datafield tag="010" ind1=" " ind2=" ">
            <marc:subfield code="a">   47027288 </marc:subfield>
        </marc:datafield>
      <marc:datafield tag="035" ind1=" " ind2=" ">
            <marc:subfield code="a">(OCoLC)41121569</marc:subfield>
        </marc:datafield>
      <marc:datafield tag="035" ind1=" " ind2=" ">
            <marc:subfield code="a">(OCoLC)ocm41121569 </marc:subfield>
        </marc:datafield>
      <marc:datafield tag="035" ind1=" " ind2=" ">
            <marc:subfield code="a">(EXLNZ-01ALLIANCE_NETWORK)99322122126101451</marc:subfield>
        </marc:datafield>
      <marc:datafield tag="040" ind1=" " ind2=" ">
            <marc:subfield code="a">DLC</marc:subfield>
            <marc:subfield code="b">eng</marc:subfield>
            <marc:subfield code="c">NYP</marc:subfield>
            <marc:subfield code="d">OCL</marc:subfield>
            <marc:subfield code="d">OCLCQ</marc:subfield>
            <marc:subfield code="d">OCLCF</marc:subfield>
            <marc:subfield code="d">OCLCQ</marc:subfield>
            <marc:subfield code="d">OCLCO</marc:subfield>
            <marc:subfield code="d">OCL</marc:subfield>
            <marc:subfield code="d">OCLCQ</marc:subfield>
            <marc:subfield code="d">OCL</marc:subfield>
            <marc:subfield code="d">OCLCQ</marc:subfield>
            <marc:subfield code="d">OCLCO</marc:subfield>
        </marc:datafield>
      <marc:datafield tag="041" ind1="0" ind2=" ">
            <marc:subfield code="a">yid</marc:subfield>
            <marc:subfield code="a">eng</marc:subfield>
        </marc:datafield>
      <marc:datafield tag="043" ind1=" " ind2=" ">
            <marc:subfield code="a">e-un---</marc:subfield>
            <marc:subfield code="a">n-us---</marc:subfield>
        </marc:datafield>
      <marc:datafield tag="049" ind1=" " ind2=" ">
            <marc:subfield code="a">MAIN</marc:subfield>
        </marc:datafield>
      <marc:datafield tag="050" ind1=" " ind2=" ">
            <marc:subfield code="a">DS135.R93</marc:subfield>
            <marc:subfield code="b">U4</marc:subfield>
        </marc:datafield>
      <marc:datafield tag="060" ind1=" " ind2="4">
            <marc:subfield code="a">000108973</marc:subfield>
        </marc:datafield>
      <marc:datafield tag="066" ind1=" " ind2=" ">
            <marc:subfield code="c">(2</marc:subfield>
        </marc:datafield>
      <marc:datafield tag="245" ind1="0" ind2="4">
            <marc:subfield code="6">880-01</marc:subfield>
            <marc:subfield code="a">Der Uḳrayner Id in Uḳrayne un Amerike.</marc:subfield>
        </marc:datafield>
      <marc:datafield tag="880" ind1="0" ind2="4">
            <marc:subfield code="6">245-01/(2/r</marc:subfield>
            <marc:subfield code="a">דער אוקראינער איד אין אוקראינע און אמעריקע.</marc:subfield>
        </marc:datafield>
      <marc:datafield tag="246" ind1="1" ind2="5">
            <marc:subfield code="a">Ukrainian Jew in the Ukraine and the United States</marc:subfield>
        </marc:datafield>
      <marc:datafield tag="260" ind1=" " ind2=" ">
            <marc:subfield code="6">880-02</marc:subfield>
            <marc:subfield code="a">[New York] :</marc:subfield>
            <marc:subfield code="b">Aroysgegebn fun der Natsyonaler ḳonferents fun Uḳrayner Idishe organizatyes fun Idishn Ḳounsil far Rashien ṿar relif,</marc:subfield>
            <marc:subfield code="c">1944.</marc:subfield>
        </marc:datafield>
      <marc:datafield tag="880" ind1=" " ind2=" ">
            <marc:subfield code="6">260-02/(2/r</marc:subfield>
            <marc:subfield code="a">[New York] :</marc:subfield>
            <marc:subfield code="b">ארויסגעגעבן פון דער נאציאנאלער קאנפערענץ פון אוקראינער אידישע ארגאניזאציעס פון אידישן קאונסיל פאר ראשיען וואר רעליף,</marc:subfield>
            <marc:subfield code="c">1944.</marc:subfield>
        </marc:datafield>
      <marc:datafield tag="300" ind1=" " ind2=" ">
            <marc:subfield code="a">160, 31 pages :</marc:subfield>
            <marc:subfield code="b">illustrations, portraits, facsimiles ;</marc:subfield>
            <marc:subfield code="c">23 cm</marc:subfield>
        </marc:datafield>
      <marc:datafield tag="336" ind1=" " ind2=" ">
            <marc:subfield code="a">text</marc:subfield>
            <marc:subfield code="b">txt</marc:subfield>
            <marc:subfield code="2">rdacontent</marc:subfield>
        </marc:datafield>
      <marc:datafield tag="337" ind1=" " ind2=" ">
            <marc:subfield code="a">unmediated</marc:subfield>
            <marc:subfield code="b">n</marc:subfield>
            <marc:subfield code="2">rdamedia</marc:subfield>
        </marc:datafield>
      <marc:datafield tag="338" ind1=" " ind2=" ">
            <marc:subfield code="a">volume</marc:subfield>
            <marc:subfield code="b">nc</marc:subfield>
            <marc:subfield code="2">rdacarrier</marc:subfield>
        </marc:datafield>
      <marc:datafield tag="546" ind1=" " ind2=" ">
            <marc:subfield code="a">English and Yiddish.</marc:subfield>
        </marc:datafield>
      <marc:datafield tag="611" ind1="2" ind2="7">
            <marc:subfield code="a">World War (1939-1945)</marc:subfield>
            <marc:subfield code="2">fast</marc:subfield>
            <marc:subfield code="0">(OCoLC)fst01180924</marc:subfield>
        </marc:datafield>
      <marc:datafield tag="650" ind1=" " ind2="0">
            <marc:subfield code="a">Jews</marc:subfield>
            <marc:subfield code="z">Ukraine.</marc:subfield>
        </marc:datafield>
      <marc:datafield tag="650" ind1=" " ind2="0">
            <marc:subfield code="a">Jews</marc:subfield>
            <marc:subfield code="z">United States.</marc:subfield>
        </marc:datafield>
      <marc:datafield tag="650" ind1=" " ind2="0">
            <marc:subfield code="a">World War, 1939-1945</marc:subfield>
            <marc:subfield code="x">Civilian relief</marc:subfield>
            <marc:subfield code="z">Ukraine.</marc:subfield>
        </marc:datafield>
      <marc:datafield tag="650" ind1=" " ind2="0">
            <marc:subfield code="a">War relief</marc:subfield>
            <marc:subfield code="z">Ukraine.</marc:subfield>
        </marc:datafield>
      <marc:datafield tag="650" ind1=" " ind2="7">
            <marc:subfield code="a">Civilian war relief.</marc:subfield>
            <marc:subfield code="2">fast</marc:subfield>
            <marc:subfield code="0">(OCoLC)fst01352327</marc:subfield>
        </marc:datafield>
      <marc:datafield tag="650" ind1=" " ind2="7">
            <marc:subfield code="a">Jews.</marc:subfield>
            <marc:subfield code="2">fast</marc:subfield>
            <marc:subfield code="0">(OCoLC)fst00983135</marc:subfield>
        </marc:datafield>
      <marc:datafield tag="650" ind1=" " ind2="7">
            <marc:subfield code="a">War relief.</marc:subfield>
            <marc:subfield code="2">fast</marc:subfield>
            <marc:subfield code="0">(OCoLC)fst01170621</marc:subfield>
        </marc:datafield>
      <marc:datafield tag="651" ind1=" " ind2="7">
            <marc:subfield code="a">Ukraine.</marc:subfield>
            <marc:subfield code="2">fast</marc:subfield>
            <marc:subfield code="0">(OCoLC)fst01211738</marc:subfield>
        </marc:datafield>
      <marc:datafield tag="651" ind1=" " ind2="7">
            <marc:subfield code="a">United States.</marc:subfield>
            <marc:subfield code="2">fast</marc:subfield>
            <marc:subfield code="0">(OCoLC)fst01204155</marc:subfield>
        </marc:datafield>
      <marc:datafield tag="648" ind1=" " ind2="7">
            <marc:subfield code="a">1939-1945</marc:subfield>
            <marc:subfield code="2">fast</marc:subfield>
        </marc:datafield>
      <marc:datafield tag="710" ind1="2" ind2=" ">
            <marc:subfield code="a">National Conference of Ukrainian Jewish Organizations of the Jewish Council for Russian War Relief (N.Y.)</marc:subfield>
        </marc:datafield>
      <marc:datafield tag="776" ind1="0" ind2="8">
            <marc:subfield code="i">Online version:</marc:subfield>
            <marc:subfield code="t">Uḳrayner Id in Uḳrayne un Amerike.</marc:subfield>
            <marc:subfield code="d">[New York] : Aroysgegebn fun der Natsyonaler ḳonferents fun Uḳrayner Idishe organizatyes fun Idishn Ḳounsil far Rashien ṿar relif, 1944</marc:subfield>
            <marc:subfield code="w">(OCoLC)651927973</marc:subfield>
        </marc:datafield>
      <marc:datafield tag="994" ind1=" " ind2=" ">
            <marc:subfield code="a">92</marc:subfield>
            <marc:subfield code="b">OCACL</marc:subfield>
        </marc:datafield>
      <marc:datafield tag="955" ind1=" " ind2=" ">
         <marc:subfield code="b">39352080450182</marc:subfield>
      </marc:datafield>
   </marc:record>