
    <marc:record>
      <marc:leader>01667cas a2200421Ia 4500</marc:leader>
      <marc:controlfield tag="001">99161956944201452</marc:controlfield>
      <marc:controlfield tag="005">20180328110738.7</marc:controlfield>
      <marc:controlfield tag="008">880920d19171919dcu x p      f0    0eng  </marc:controlfield>
      <marc:datafield tag="010" ind1=" " ind2=" ">
            <marc:subfield code="a">   18026886 </marc:subfield>
        </marc:datafield>
      <marc:datafield tag="035" ind1=" " ind2=" ">
            <marc:subfield code="a">ocm18507187</marc:subfield>
        </marc:datafield>
      <marc:datafield tag="035" ind1=" " ind2=" ">
            <marc:subfield code="a">(OCoLC)18507187</marc:subfield>
        </marc:datafield>
      <marc:datafield tag="035" ind1=" " ind2=" ">
            <marc:subfield code="a">(OCoLC)ocm18507187 </marc:subfield>
        </marc:datafield>
      <marc:datafield tag="035" ind1=" " ind2=" ">
            <marc:subfield code="a">(EXLNZ-01ALLIANCE_NETWORK)99114593840001451</marc:subfield>
        </marc:datafield>
      <marc:datafield tag="040" ind1=" " ind2=" ">
            <marc:subfield code="a">DLC</marc:subfield>
            <marc:subfield code="b">eng</marc:subfield>
            <marc:subfield code="c">MUU</marc:subfield>
            <marc:subfield code="d">MUU</marc:subfield>
            <marc:subfield code="d">OCLCQ</marc:subfield>
            <marc:subfield code="d">ISL</marc:subfield>
            <marc:subfield code="d">OCLCO</marc:subfield>
            <marc:subfield code="d">OCLCF</marc:subfield>
        </marc:datafield>
      <marc:datafield tag="043" ind1=" " ind2=" ">
            <marc:subfield code="a">n-us---</marc:subfield>
        </marc:datafield>
      <marc:datafield tag="049" ind1=" " ind2=" ">
            <marc:subfield code="a">MAIN</marc:subfield>
        </marc:datafield>
      <marc:datafield tag="050" ind1="0" ind2=" ">
            <marc:subfield code="a">HD6250.U3</marc:subfield>
            <marc:subfield code="b">A28</marc:subfield>
        </marc:datafield>
      <marc:datafield tag="086" ind1="0" ind2=" ">
            <marc:subfield code="a">L 7.5:</marc:subfield>
        </marc:datafield>
      <marc:datafield tag="110" ind1="2" ind2=" ">
            <marc:subfield code="a">United States Boys' Working Reserve.</marc:subfield>
        </marc:datafield>
      <marc:datafield tag="245" ind1="1" ind2="0">
            <marc:subfield code="a">Boy power :</marc:subfield>
            <marc:subfield code="b">official bulletin of the United States Boys' Working Reserve, Department of Labor.</marc:subfield>
        </marc:datafield>
      <marc:datafield tag="260" ind1=" " ind2=" ">
            <marc:subfield code="a">Washington, D.C. :</marc:subfield>
            <marc:subfield code="b">United States Boys' Working Reserve, Dept. of Labor,</marc:subfield>
            <marc:subfield code="c">1917-</marc:subfield>
        </marc:datafield>
      <marc:datafield tag="300" ind1=" " ind2=" ">
            <marc:subfield code="a">v. ;</marc:subfield>
            <marc:subfield code="c">29 cm.</marc:subfield>
        </marc:datafield>
      <marc:datafield tag="310" ind1=" " ind2=" ">
            <marc:subfield code="a">Irregular</marc:subfield>
        </marc:datafield>
      <marc:datafield tag="362" ind1="0" ind2=" ">
            <marc:subfield code="a">Vol. 1, no. 1 (Nov. 15, 1917)-</marc:subfield>
        </marc:datafield>
      <marc:datafield tag="362" ind1="1" ind2=" ">
            <marc:subfield code="a">Ceased with v. 2, no. 5 (June 15, 1919).</marc:subfield>
        </marc:datafield>
      <marc:datafield tag="610" ind1="2" ind2="0">
            <marc:subfield code="a">United States Boys' Working Reserve</marc:subfield>
            <marc:subfield code="v">Periodicals.</marc:subfield>
        </marc:datafield>
      <marc:datafield tag="611" ind1="2" ind2="7">
            <marc:subfield code="a">World War (1914-1918)</marc:subfield>
            <marc:subfield code="2">fast</marc:subfield>
            <marc:subfield code="0">(OCoLC)fst01180746</marc:subfield>
        </marc:datafield>
      <marc:datafield tag="650" ind1=" " ind2="0">
            <marc:subfield code="a">Child labor</marc:subfield>
            <marc:subfield code="z">United States</marc:subfield>
            <marc:subfield code="v">Periodicals.</marc:subfield>
        </marc:datafield>
      <marc:datafield tag="650" ind1=" " ind2="0">
            <marc:subfield code="a">Working class</marc:subfield>
            <marc:subfield code="z">United States</marc:subfield>
            <marc:subfield code="v">Periodicals.</marc:subfield>
        </marc:datafield>
      <marc:datafield tag="650" ind1=" " ind2="0">
            <marc:subfield code="a">World War, 1914-1918</marc:subfield>
            <marc:subfield code="x">Economic aspects</marc:subfield>
            <marc:subfield code="z">United States</marc:subfield>
            <marc:subfield code="v">Periodicals.</marc:subfield>
        </marc:datafield>
      <marc:datafield tag="650" ind1=" " ind2="7">
            <marc:subfield code="a">Child labor.</marc:subfield>
            <marc:subfield code="2">fast</marc:subfield>
            <marc:subfield code="0">(OCoLC)fst00854472</marc:subfield>
        </marc:datafield>
      <marc:datafield tag="650" ind1=" " ind2="7">
            <marc:subfield code="a">Economics.</marc:subfield>
            <marc:subfield code="2">fast</marc:subfield>
            <marc:subfield code="0">(OCoLC)fst00902116</marc:subfield>
        </marc:datafield>
      <marc:datafield tag="650" ind1=" " ind2="7">
            <marc:subfield code="a">Working class.</marc:subfield>
            <marc:subfield code="2">fast</marc:subfield>
            <marc:subfield code="0">(OCoLC)fst01180418</marc:subfield>
        </marc:datafield>
      <marc:datafield tag="651" ind1=" " ind2="7">
            <marc:subfield code="a">United States.</marc:subfield>
            <marc:subfield code="2">fast</marc:subfield>
            <marc:subfield code="0">(OCoLC)fst01204155</marc:subfield>
        </marc:datafield>
      <marc:datafield tag="648" ind1=" " ind2="7">
            <marc:subfield code="a">1914-1918</marc:subfield>
            <marc:subfield code="2">fast</marc:subfield>
        </marc:datafield>
      <marc:datafield tag="655" ind1=" " ind2="7">
            <marc:subfield code="a">Periodicals.</marc:subfield>
            <marc:subfield code="2">fast</marc:subfield>
            <marc:subfield code="0">(OCoLC)fst01411641</marc:subfield>
        </marc:datafield>
      <marc:datafield tag="776" ind1="0" ind2="8">
            <marc:subfield code="i">Online version:</marc:subfield>
            <marc:subfield code="a">United States Boys' Working Reserve.</marc:subfield>
            <marc:subfield code="t">Boy power</marc:subfield>
            <marc:subfield code="w">(OCoLC)693788705</marc:subfield>
        </marc:datafield>
      <marc:datafield tag="994" ind1=" " ind2=" ">
            <marc:subfield code="a">92</marc:subfield>
            <marc:subfield code="b">OCACL</marc:subfield>
        </marc:datafield>
      <marc:datafield tag="955" ind1=" " ind2=" ">
         <marc:subfield code="b">39352081295321</marc:subfield>
      </marc:datafield>
   </marc:record>