
    
    <marc:record>
      <marc:leader>01924ccm a2200373I  4500</marc:leader>
      <marc:controlfield tag="001">99124449470001452</marc:controlfield>
      <marc:controlfield tag="005">20160715051730.6</marc:controlfield>
      <marc:controlfield tag="008">900504s1926    enkopc         n    eng d</marc:controlfield>
      <marc:datafield tag="035" ind1=" " ind2=" ">
            <marc:subfield code="a">(OCoLC)21478042</marc:subfield>
        </marc:datafield>
      <marc:datafield tag="035" ind1=" " ind2=" ">
            <marc:subfield code="a">(OCoLC)ocm21478042 </marc:subfield>
        </marc:datafield>
      <marc:datafield tag="035" ind1=" " ind2=" ">
            <marc:subfield code="a">(EXLNZ-01ALLIANCE_NETWORK)99170353490001451</marc:subfield>
        </marc:datafield>
      <marc:datafield tag="040" ind1=" " ind2=" ">
            <marc:subfield code="a">RER</marc:subfield>
            <marc:subfield code="b">eng</marc:subfield>
            <marc:subfield code="c">RER</marc:subfield>
            <marc:subfield code="d">OCL</marc:subfield>
            <marc:subfield code="d">OCLCQ</marc:subfield>
            <marc:subfield code="d">OCLCG</marc:subfield>
            <marc:subfield code="d">OCLCQ</marc:subfield>
            <marc:subfield code="d">OCLCO</marc:subfield>
            <marc:subfield code="d">OCLCA</marc:subfield>
            <marc:subfield code="d">OCLCF</marc:subfield>
            <marc:subfield code="d">OCLCQ</marc:subfield>
        </marc:datafield>
      <marc:datafield tag="041" ind1="1" ind2=" ">
            <marc:subfield code="a">eng</marc:subfield>
            <marc:subfield code="a">fre</marc:subfield>
            <marc:subfield code="a">rus</marc:subfield>
            <marc:subfield code="h">rus</marc:subfield>
        </marc:datafield>
      <marc:datafield tag="049" ind1=" " ind2=" ">
            <marc:subfield code="a">MAIN</marc:subfield>
        </marc:datafield>
      <marc:datafield tag="050" ind1=" " ind2="4">
            <marc:subfield code="a">M1503</marc:subfield>
            <marc:subfield code="b">.M98BC</marc:subfield>
        </marc:datafield>
      <marc:datafield tag="100" ind1="1" ind2=" ">
            <marc:subfield code="a">Mussorgsky, Modest Petrovich,</marc:subfield>
            <marc:subfield code="d">1839-1881.</marc:subfield>
        </marc:datafield>
      <marc:datafield tag="240" ind1="1" ind2="0">
            <marc:subfield code="a">Boris Godunov.</marc:subfield>
            <marc:subfield code="s">Vocal score.</marc:subfield>
            <marc:subfield code="l">Polyglot</marc:subfield>
        </marc:datafield>
      <marc:datafield tag="245" ind1="1" ind2="0">
            <marc:subfield code="a">Boris Godonov.</marc:subfield>
            <marc:subfield code="b">Opera v 4kh di︠e︡ĭstvïi︠a︡kh s prologom</marc:subfield>
            <marc:subfield code="c">sochinenïe M.P. Musorgskago. Polnoe perelozhenïe (so vkli︠u︡chenïem st︠s︡en ne predpolagaemykh k t︠s︡ostanovkïʹ na st︠s︡enïʹ) dli︠a︡ fortepʹi︠a︡nos pi︠e︡nïem. Sobstvennostʹ izsdateleĭ dli︠a︡ vsi︠e︡kh stran.</marc:subfield>
        </marc:datafield>
      <marc:datafield tag="260" ind1=" " ind2=" ">
            <marc:subfield code="a">London,</marc:subfield>
            <marc:subfield code="b">Zh. i V. Chester</marc:subfield>
            <marc:subfield code="c">[©1926]</marc:subfield>
        </marc:datafield>
      <marc:datafield tag="300" ind1=" " ind2=" ">
            <marc:subfield code="a">1 vocal score (8 preliminary leaves, 314 pages, 7 plates)</marc:subfield>
            <marc:subfield code="b">facsimiles, illustrations, portraits,</marc:subfield>
            <marc:subfield code="c">35 cm</marc:subfield>
        </marc:datafield>
      <marc:datafield tag="336" ind1=" " ind2=" ">
            <marc:subfield code="a">notated music</marc:subfield>
            <marc:subfield code="b">ntm</marc:subfield>
            <marc:subfield code="2">rdacontent</marc:subfield>
        </marc:datafield>
      <marc:datafield tag="337" ind1=" " ind2=" ">
            <marc:subfield code="a">unmediated</marc:subfield>
            <marc:subfield code="b">n</marc:subfield>
            <marc:subfield code="2">rdamedia</marc:subfield>
        </marc:datafield>
      <marc:datafield tag="338" ind1=" " ind2=" ">
            <marc:subfield code="a">volume</marc:subfield>
            <marc:subfield code="b">nc</marc:subfield>
            <marc:subfield code="2">rdacarrier</marc:subfield>
        </marc:datafield>
      <marc:datafield tag="500" ind1=" " ind2=" ">
            <marc:subfield code="a">Title page and text in Russian, French and English.</marc:subfield>
        </marc:datafield>
      <marc:datafield tag="500" ind1=" " ind2=" ">
            <marc:subfield code="a">"National music drama in 4 acts and a prologue after Pouchkine and Karamzine. English Version by M.C.H. Collet ... Version Française de Robert Godet et Aloys Mooser.</marc:subfield>
        </marc:datafield>
      <marc:datafield tag="650" ind1=" " ind2="0">
            <marc:subfield code="a">Operas</marc:subfield>
            <marc:subfield code="v">Vocal scores with piano.</marc:subfield>
        </marc:datafield>
      <marc:datafield tag="650" ind1=" " ind2="7">
            <marc:subfield code="a">Operas</marc:subfield>
            <marc:subfield code="x">Vocal scores with piano.</marc:subfield>
            <marc:subfield code="2">fast</marc:subfield>
            <marc:subfield code="0">(OCoLC)fst01046236</marc:subfield>
        </marc:datafield>
      <marc:datafield tag="700" ind1="1" ind2=" ">
            <marc:subfield code="a">Collet, M. C. H.</marc:subfield>
        </marc:datafield>
      <marc:datafield tag="700" ind1="1" ind2=" ">
            <marc:subfield code="a">Godet, Robert.</marc:subfield>
        </marc:datafield>
      <marc:datafield tag="700" ind1="1" ind2=" ">
            <marc:subfield code="a">Mooser, R.-Aloys</marc:subfield>
            <marc:subfield code="q">(Robert-Aloys)</marc:subfield>
        </marc:datafield>
      <marc:datafield tag="700" ind1="1" ind2=" ">
            <marc:subfield code="a">Pushkin, Aleksandr Sergeevich,</marc:subfield>
            <marc:subfield code="d">1799-1837.</marc:subfield>
            <marc:subfield code="t">Boris Godunov.</marc:subfield>
        </marc:datafield>
      <marc:datafield tag="700" ind1="1" ind2=" ">
            <marc:subfield code="a">Karamzin, Nikolaĭ Mikhaĭlovich,</marc:subfield>
            <marc:subfield code="d">1766-1826.</marc:subfield>
            <marc:subfield code="t">Istorii︠a︡ gosudarstva rossiĭskogo.</marc:subfield>
        </marc:datafield>
      <marc:datafield tag="978" ind1=" " ind2=" ">
            <marc:subfield code="a">.b30365399</marc:subfield>
            <marc:subfield code="9">LOCAL</marc:subfield>
        </marc:datafield>
      <marc:datafield tag="994" ind1=" " ind2=" ">
            <marc:subfield code="a">92</marc:subfield>
            <marc:subfield code="b">OCACL</marc:subfield>
        </marc:datafield>
      <marc:datafield tag="955" ind1=" " ind2=" ">
         <marc:subfield code="b">39352028305969</marc:subfield>
      </marc:datafield>
   </marc:record>