
    <marc:record>
      <marc:leader>01424cam a2200385Ii 4500</marc:leader>
      <marc:controlfield tag="001">99162011842901452</marc:controlfield>
      <marc:controlfield tag="005">20180318074658.5</marc:controlfield>
      <marc:controlfield tag="008">810815s1930    nyu      b    000 0 eng  </marc:controlfield>
      <marc:datafield tag="010" ind1=" " ind2=" ">
            <marc:subfield code="a">   31026092 </marc:subfield>
        </marc:datafield>
      <marc:datafield tag="016" ind1="7" ind2=" ">
            <marc:subfield code="a">34830970R</marc:subfield>
            <marc:subfield code="2">DNLM</marc:subfield>
        </marc:datafield>
      <marc:datafield tag="019" ind1=" " ind2=" ">
            <marc:subfield code="a">1011923794</marc:subfield>
            <marc:subfield code="a">1014217916</marc:subfield>
        </marc:datafield>
      <marc:datafield tag="035" ind1=" " ind2=" ">
            <marc:subfield code="a">(OCoLC)03045445</marc:subfield>
            <marc:subfield code="z">(OCoLC)1011923794</marc:subfield>
            <marc:subfield code="z">(OCoLC)1014217916</marc:subfield>
        </marc:datafield>
      <marc:datafield tag="035" ind1=" " ind2=" ">
            <marc:subfield code="a">(OCoLC)ocm03045445 </marc:subfield>
        </marc:datafield>
      <marc:datafield tag="035" ind1=" " ind2=" ">
            <marc:subfield code="a">(EXLNZ-01ALLIANCE_NETWORK)99323470442301451</marc:subfield>
        </marc:datafield>
      <marc:datafield tag="040" ind1=" " ind2=" ">
            <marc:subfield code="a">NLM</marc:subfield>
            <marc:subfield code="b">eng</marc:subfield>
            <marc:subfield code="e">rda</marc:subfield>
            <marc:subfield code="c">NLM</marc:subfield>
            <marc:subfield code="d">YNG</marc:subfield>
            <marc:subfield code="d">DLC</marc:subfield>
            <marc:subfield code="d">MUQ</marc:subfield>
            <marc:subfield code="d">OCLCF</marc:subfield>
            <marc:subfield code="d">OCLCO</marc:subfield>
            <marc:subfield code="d">OCLCQ</marc:subfield>
            <marc:subfield code="d">WAU</marc:subfield>
            <marc:subfield code="d">OCLCO</marc:subfield>
            <marc:subfield code="d">OCLCA</marc:subfield>
        </marc:datafield>
      <marc:datafield tag="049" ind1=" " ind2=" ">
            <marc:subfield code="a">MAIN</marc:subfield>
        </marc:datafield>
      <marc:datafield tag="050" ind1="0" ind2="0">
            <marc:subfield code="a">RC172</marc:subfield>
            <marc:subfield code="b">.C6</marc:subfield>
        </marc:datafield>
      <marc:datafield tag="060" ind1="0" ind2="0">
            <marc:subfield code="a">WC 350</marc:subfield>
            <marc:subfield code="b">C855b 1930</marc:subfield>
        </marc:datafield>
      <marc:datafield tag="060" ind1="0" ind2="0">
            <marc:subfield code="a">Film 10019 no.2</marc:subfield>
        </marc:datafield>
      <marc:datafield tag="082" ind1="0" ind2=" ">
            <marc:subfield code="a">614.49</marc:subfield>
        </marc:datafield>
      <marc:datafield tag="100" ind1="1" ind2=" ">
            <marc:subfield code="a">Coulton, G. G.</marc:subfield>
            <marc:subfield code="q">(George Gordon),</marc:subfield>
            <marc:subfield code="d">1858-1947,</marc:subfield>
            <marc:subfield code="e">author.</marc:subfield>
        </marc:datafield>
      <marc:datafield tag="245" ind1="1" ind2="4">
            <marc:subfield code="a">The black death.</marc:subfield>
        </marc:datafield>
      <marc:datafield tag="264" ind1=" " ind2="1">
            <marc:subfield code="a">New York, N.Y. :</marc:subfield>
            <marc:subfield code="b">Jonathan Cape and Harrison Smith Incorporated,</marc:subfield>
            <marc:subfield code="c">[1930?]</marc:subfield>
        </marc:datafield>
      <marc:datafield tag="300" ind1=" " ind2=" ">
            <marc:subfield code="a">120 pages ;</marc:subfield>
            <marc:subfield code="c">18 cm.</marc:subfield>
        </marc:datafield>
      <marc:datafield tag="336" ind1=" " ind2=" ">
            <marc:subfield code="a">text</marc:subfield>
            <marc:subfield code="b">txt</marc:subfield>
            <marc:subfield code="2">rdacontent</marc:subfield>
        </marc:datafield>
      <marc:datafield tag="337" ind1=" " ind2=" ">
            <marc:subfield code="a">unmediated</marc:subfield>
            <marc:subfield code="b">n</marc:subfield>
            <marc:subfield code="2">rdamedia</marc:subfield>
        </marc:datafield>
      <marc:datafield tag="338" ind1=" " ind2=" ">
            <marc:subfield code="a">volume</marc:subfield>
            <marc:subfield code="b">nc</marc:subfield>
            <marc:subfield code="2">rdacarrier</marc:subfield>
        </marc:datafield>
      <marc:datafield tag="504" ind1=" " ind2=" ">
            <marc:subfield code="a">Includes bibliographical references (pages 119-120).</marc:subfield>
        </marc:datafield>
      <marc:datafield tag="650" ind1=" " ind2="0">
            <marc:subfield code="a">Black Death</marc:subfield>
            <marc:subfield code="x">History.</marc:subfield>
        </marc:datafield>
      <marc:datafield tag="650" ind1=" " ind2="2">
            <marc:subfield code="a">Plague</marc:subfield>
            <marc:subfield code="x">history.</marc:subfield>
        </marc:datafield>
      <marc:datafield tag="650" ind1=" " ind2="6">
            <marc:subfield code="a">Maladies infectieuses.</marc:subfield>
        </marc:datafield>
      <marc:datafield tag="650" ind1=" " ind2="7">
            <marc:subfield code="a">Black Death.</marc:subfield>
            <marc:subfield code="2">fast</marc:subfield>
            <marc:subfield code="0">(OCoLC)fst00833602</marc:subfield>
        </marc:datafield>
      <marc:datafield tag="655" ind1=" " ind2="7">
            <marc:subfield code="a">History.</marc:subfield>
            <marc:subfield code="2">fast</marc:subfield>
            <marc:subfield code="0">(OCoLC)fst01411628</marc:subfield>
        </marc:datafield>
      <marc:datafield tag="776" ind1="0" ind2="8">
            <marc:subfield code="i">Also issued on microfilm.</marc:subfield>
            <marc:subfield code="d">[Bethesda, Md.] : National Library of Medicine, 1999.</marc:subfield>
            <marc:subfield code="h">1 microfilm reel : negative ; 35 mm.</marc:subfield>
        </marc:datafield>
      <marc:datafield tag="994" ind1=" " ind2=" ">
            <marc:subfield code="a">92</marc:subfield>
            <marc:subfield code="b">OCACL</marc:subfield>
        </marc:datafield>
      <marc:datafield tag="955" ind1=" " ind2=" ">
         <marc:subfield code="b">39352006373377</marc:subfield>
      </marc:datafield>
   </marc:record>