
    <marc:record>
      <marc:leader>01105cam a2200325K  4500</marc:leader>
      <marc:controlfield tag="001">99144253470001452</marc:controlfield>
      <marc:controlfield tag="005">20180605062322.8</marc:controlfield>
      <marc:controlfield tag="008">930902s1909    inua          000 0 eng d</marc:controlfield>
      <marc:datafield tag="035" ind1=" " ind2=" ">
            <marc:subfield code="a">ocm28741430</marc:subfield>
        </marc:datafield>
      <marc:datafield tag="035" ind1=" " ind2=" ">
            <marc:subfield code="a">(OCoLC)28741430</marc:subfield>
        </marc:datafield>
      <marc:datafield tag="035" ind1=" " ind2=" ">
            <marc:subfield code="a">(OCoLC)ocm28741430 </marc:subfield>
        </marc:datafield>
      <marc:datafield tag="035" ind1=" " ind2=" ">
            <marc:subfield code="a">(EXLNZ-01ALLIANCE_NETWORK)99155595370001451</marc:subfield>
        </marc:datafield>
      <marc:datafield tag="040" ind1=" " ind2=" ">
            <marc:subfield code="a">WAU</marc:subfield>
            <marc:subfield code="b">eng</marc:subfield>
            <marc:subfield code="c">WAU</marc:subfield>
            <marc:subfield code="d">OCLCF</marc:subfield>
            <marc:subfield code="d">OCLCO</marc:subfield>
            <marc:subfield code="d">OCLCQ</marc:subfield>
            <marc:subfield code="d">WAU</marc:subfield>
        </marc:datafield>
      <marc:datafield tag="043" ind1=" " ind2=" ">
            <marc:subfield code="a">n-us-ca</marc:subfield>
        </marc:datafield>
      <marc:datafield tag="049" ind1=" " ind2=" ">
            <marc:subfield code="a">MAIN</marc:subfield>
        </marc:datafield>
      <marc:datafield tag="100" ind1="1" ind2=" ">
            <marc:subfield code="a">Conn, C. G.</marc:subfield>
            <marc:subfield code="q">(Charles Gerard),</marc:subfield>
            <marc:subfield code="d">1844-1931.</marc:subfield>
        </marc:datafield>
      <marc:datafield tag="245" ind1="1" ind2="0">
            <marc:subfield code="a">How the blue button was won,</marc:subfield>
            <marc:subfield code="b">tuna fishing at Catalina Island, California ...</marc:subfield>
        </marc:datafield>
      <marc:datafield tag="260" ind1=" " ind2=" ">
            <marc:subfield code="a">[Elkhart, Ind.],</marc:subfield>
            <marc:subfield code="b">[Truth Pub. Co.],</marc:subfield>
            <marc:subfield code="c">[1909?]</marc:subfield>
        </marc:datafield>
      <marc:datafield tag="300" ind1=" " ind2=" ">
            <marc:subfield code="a">[16] pages</marc:subfield>
            <marc:subfield code="b">illustrations</marc:subfield>
        </marc:datafield>
      <marc:datafield tag="336" ind1=" " ind2=" ">
            <marc:subfield code="a">text</marc:subfield>
            <marc:subfield code="b">txt</marc:subfield>
            <marc:subfield code="2">rdacontent</marc:subfield>
        </marc:datafield>
      <marc:datafield tag="337" ind1=" " ind2=" ">
            <marc:subfield code="a">unmediated</marc:subfield>
            <marc:subfield code="b">n</marc:subfield>
            <marc:subfield code="2">rdamedia</marc:subfield>
        </marc:datafield>
      <marc:datafield tag="338" ind1=" " ind2=" ">
            <marc:subfield code="a">volume</marc:subfield>
            <marc:subfield code="b">nc</marc:subfield>
            <marc:subfield code="2">rdacarrier</marc:subfield>
        </marc:datafield>
      <marc:datafield tag="500" ind1=" " ind2=" ">
            <marc:subfield code="a">Cover title.</marc:subfield>
        </marc:datafield>
      <marc:datafield tag="650" ind1=" " ind2="0">
            <marc:subfield code="a">Tuna fishing.</marc:subfield>
        </marc:datafield>
      <marc:datafield tag="650" ind1=" " ind2="0">
            <marc:subfield code="a">Saltwater fishing</marc:subfield>
            <marc:subfield code="z">California.</marc:subfield>
        </marc:datafield>
      <marc:datafield tag="650" ind1=" " ind2="7">
            <marc:subfield code="a">Saltwater fishing.</marc:subfield>
            <marc:subfield code="2">fast</marc:subfield>
            <marc:subfield code="0">(OCoLC)fst01104355</marc:subfield>
        </marc:datafield>
      <marc:datafield tag="650" ind1=" " ind2="7">
            <marc:subfield code="a">Tuna fishing.</marc:subfield>
            <marc:subfield code="2">fast</marc:subfield>
            <marc:subfield code="0">(OCoLC)fst01158841</marc:subfield>
        </marc:datafield>
      <marc:datafield tag="651" ind1=" " ind2="7">
            <marc:subfield code="a">California.</marc:subfield>
            <marc:subfield code="2">fast</marc:subfield>
            <marc:subfield code="0">(OCoLC)fst01204928</marc:subfield>
        </marc:datafield>
      <marc:datafield tag="978" ind1=" " ind2=" ">
            <marc:subfield code="a">.b28244254</marc:subfield>
            <marc:subfield code="9">LOCAL</marc:subfield>
        </marc:datafield>
      <marc:datafield tag="994" ind1=" " ind2=" ">
            <marc:subfield code="a">92</marc:subfield>
            <marc:subfield code="b">OCACL</marc:subfield>
        </marc:datafield>
      <marc:datafield tag="955" ind1=" " ind2=" ">
         <marc:subfield code="b">39352031223001</marc:subfield>
      </marc:datafield>
   </marc:record>