
    <marc:record>
      <marc:leader>01203cam a2200313Ii 4500</marc:leader>
      <marc:controlfield tag="001">99107540720001452</marc:controlfield>
      <marc:controlfield tag="005">20151214063637.8</marc:controlfield>
      <marc:controlfield tag="008">151116s1952    th a         f000 0 thaod</marc:controlfield>
      <marc:datafield tag="035" ind1=" " ind2=" ">
            <marc:subfield code="a">(OCoLC)929464567</marc:subfield>
        </marc:datafield>
      <marc:datafield tag="035" ind1=" " ind2=" ">
            <marc:subfield code="a">(OCoLC)ocn929464567</marc:subfield>
        </marc:datafield>
      <marc:datafield tag="035" ind1=" " ind2=" ">
            <marc:subfield code="a">(EXLNZ-01ALLIANCE_NETWORK)99321360702701451</marc:subfield>
        </marc:datafield>
      <marc:datafield tag="040" ind1=" " ind2=" ">
            <marc:subfield code="a">WAU</marc:subfield>
            <marc:subfield code="b">eng</marc:subfield>
            <marc:subfield code="e">rda</marc:subfield>
            <marc:subfield code="c">WAU</marc:subfield>
            <marc:subfield code="d">OCLCF</marc:subfield>
        </marc:datafield>
      <marc:datafield tag="049" ind1=" " ind2=" ">
            <marc:subfield code="a">MAIN</marc:subfield>
        </marc:datafield>
      <marc:datafield tag="050" ind1=" " ind2="4">
            <marc:subfield code="a">BQ4570.R44</marc:subfield>
            <marc:subfield code="b">T36 1952</marc:subfield>
        </marc:datafield>
      <marc:datafield tag="245" ind1="0" ind2="0">
            <marc:subfield code="a">Tamrā phrathāt :</marc:subfield>
            <marc:subfield code="b">phannanā dūai santhān lǣ wan phrabō̜rommasārīrikathāt lǣ phrathāt phutthasāwok khīnāsawa ʻarahančhao thanglāi dōi sangkhēp.</marc:subfield>
        </marc:datafield>
      <marc:datafield tag="264" ind1=" " ind2="1">
            <marc:subfield code="a">[Bangkok] :</marc:subfield>
            <marc:subfield code="b">Krom Kānsātsanā,</marc:subfield>
            <marc:subfield code="c">2495 [1952]</marc:subfield>
        </marc:datafield>
      <marc:datafield tag="300" ind1=" " ind2=" ">
            <marc:subfield code="a">Khō̜-Tō̜, 24 pages :</marc:subfield>
            <marc:subfield code="b">illustrations ;</marc:subfield>
            <marc:subfield code="c">20 cm</marc:subfield>
        </marc:datafield>
      <marc:datafield tag="336" ind1=" " ind2=" ">
            <marc:subfield code="a">text</marc:subfield>
            <marc:subfield code="b">txt</marc:subfield>
            <marc:subfield code="2">rdacontent</marc:subfield>
        </marc:datafield>
      <marc:datafield tag="337" ind1=" " ind2=" ">
            <marc:subfield code="a">unmediated</marc:subfield>
            <marc:subfield code="b">n</marc:subfield>
            <marc:subfield code="2">rdamedia</marc:subfield>
        </marc:datafield>
      <marc:datafield tag="338" ind1=" " ind2=" ">
            <marc:subfield code="a">volume</marc:subfield>
            <marc:subfield code="b">nc</marc:subfield>
            <marc:subfield code="2">rdacarrier</marc:subfield>
        </marc:datafield>
      <marc:datafield tag="546" ind1=" " ind2=" ">
            <marc:subfield code="a">In Thai.</marc:subfield>
        </marc:datafield>
      <marc:datafield tag="600" ind1="0" ind2="0">
            <marc:subfield code="a">Gautama Buddha</marc:subfield>
            <marc:subfield code="x">Relics.</marc:subfield>
        </marc:datafield>
      <marc:datafield tag="600" ind1="0" ind2="7">
            <marc:subfield code="a">Gautama Buddha.</marc:subfield>
            <marc:subfield code="2">fast</marc:subfield>
            <marc:subfield code="0">(OCoLC)fst00053986</marc:subfield>
        </marc:datafield>
      <marc:datafield tag="650" ind1=" " ind2="0">
            <marc:subfield code="a">Buddhist relics.</marc:subfield>
        </marc:datafield>
      <marc:datafield tag="650" ind1=" " ind2="7">
            <marc:subfield code="a">Buddhist relics.</marc:subfield>
            <marc:subfield code="2">fast</marc:subfield>
            <marc:subfield code="0">(OCoLC)fst01893076</marc:subfield>
        </marc:datafield>
      <marc:datafield tag="650" ind1=" " ind2="7">
            <marc:subfield code="a">Relics.</marc:subfield>
            <marc:subfield code="2">fast</marc:subfield>
            <marc:subfield code="0">(OCoLC)fst01093664</marc:subfield>
        </marc:datafield>
      <marc:datafield tag="710" ind1="1" ind2=" ">
            <marc:subfield code="a">Thailand.</marc:subfield>
            <marc:subfield code="b">Krom Kānsātsanā,</marc:subfield>
            <marc:subfield code="e">publisher.</marc:subfield>
        </marc:datafield>
      <marc:datafield tag="978" ind1=" " ind2=" ">
            <marc:subfield code="a">.b7516761x</marc:subfield>
            <marc:subfield code="9">local</marc:subfield>
        </marc:datafield>
      <marc:datafield tag="994" ind1=" " ind2=" ">
            <marc:subfield code="a">92</marc:subfield>
            <marc:subfield code="b">OCACL</marc:subfield>
        </marc:datafield>
      <marc:datafield tag="955" ind1=" " ind2=" ">
         <marc:subfield code="b">39352078915303</marc:subfield>
      </marc:datafield>
   </marc:record>