
    <marc:record>
      <marc:leader>02374cam a2200529Ii 4500</marc:leader>
      <marc:controlfield tag="001">99113759000001452</marc:controlfield>
      <marc:controlfield tag="005">20180430062336.6</marc:controlfield>
      <marc:controlfield tag="008">160406s1893    wau          s000 0 eng d</marc:controlfield>
      <marc:datafield tag="035" ind1=" " ind2=" ">
            <marc:subfield code="a">(OCoLC)946041224</marc:subfield>
        </marc:datafield>
      <marc:datafield tag="035" ind1=" " ind2=" ">
            <marc:subfield code="a">(OCoLC)ocn946041224</marc:subfield>
        </marc:datafield>
      <marc:datafield tag="035" ind1=" " ind2=" ">
            <marc:subfield code="a">(EXLNZ-01ALLIANCE_NETWORK)99321875103201451</marc:subfield>
        </marc:datafield>
      <marc:datafield tag="040" ind1=" " ind2=" ">
            <marc:subfield code="a">WAU</marc:subfield>
            <marc:subfield code="b">eng</marc:subfield>
            <marc:subfield code="e">rda</marc:subfield>
            <marc:subfield code="c">WAU</marc:subfield>
            <marc:subfield code="d">OCLCF</marc:subfield>
            <marc:subfield code="d">WAU</marc:subfield>
            <marc:subfield code="d">OCLCA</marc:subfield>
        </marc:datafield>
      <marc:datafield tag="049" ind1=" " ind2=" ">
            <marc:subfield code="a">MAIN</marc:subfield>
        </marc:datafield>
      <marc:datafield tag="050" ind1=" " ind2="4">
            <marc:subfield code="a">JK9251</marc:subfield>
            <marc:subfield code="b">.R48 1893</marc:subfield>
        </marc:datafield>
      <marc:datafield tag="245" ind1="0" ind2="0">
            <marc:subfield code="a">Retiring message of Elisha P. Ferry, first governor of Washington, and Inaugural address of John H. McGraw, second governor of Washington.</marc:subfield>
        </marc:datafield>
      <marc:datafield tag="246" ind1="3" ind2="0">
            <marc:subfield code="a">Retiring message</marc:subfield>
        </marc:datafield>
      <marc:datafield tag="246" ind1="3" ind2="0">
            <marc:subfield code="a">Inaugural address</marc:subfield>
        </marc:datafield>
      <marc:datafield tag="264" ind1=" " ind2="1">
            <marc:subfield code="a">Olympia, Wash. :</marc:subfield>
            <marc:subfield code="b">O.C. White, State Printer,</marc:subfield>
            <marc:subfield code="c">1893.</marc:subfield>
        </marc:datafield>
      <marc:datafield tag="300" ind1=" " ind2=" ">
            <marc:subfield code="a">30 pages</marc:subfield>
        </marc:datafield>
      <marc:datafield tag="336" ind1=" " ind2=" ">
            <marc:subfield code="a">text</marc:subfield>
            <marc:subfield code="b">txt</marc:subfield>
            <marc:subfield code="2">rdacontent</marc:subfield>
        </marc:datafield>
      <marc:datafield tag="337" ind1=" " ind2=" ">
            <marc:subfield code="a">unmediated</marc:subfield>
            <marc:subfield code="b">n</marc:subfield>
            <marc:subfield code="2">rdamedia</marc:subfield>
        </marc:datafield>
      <marc:datafield tag="338" ind1=" " ind2=" ">
            <marc:subfield code="a">volume</marc:subfield>
            <marc:subfield code="b">nc</marc:subfield>
            <marc:subfield code="2">rdacarrier</marc:subfield>
        </marc:datafield>
      <marc:datafield tag="500" ind1=" " ind2=" ">
            <marc:subfield code="a">"Delivered at the Capitol January 11, 1893."</marc:subfield>
        </marc:datafield>
      <marc:datafield tag="600" ind1="1" ind2="0">
            <marc:subfield code="a">Ferry, Elisha P.</marc:subfield>
            <marc:subfield code="q">(Elisha Peyre),</marc:subfield>
            <marc:subfield code="d">1825-1895</marc:subfield>
            <marc:subfield code="x">Oratory.</marc:subfield>
        </marc:datafield>
      <marc:datafield tag="600" ind1="1" ind2="0">
            <marc:subfield code="a">McGraw, John Harte,</marc:subfield>
            <marc:subfield code="d">-1910</marc:subfield>
            <marc:subfield code="x">Oratory.</marc:subfield>
        </marc:datafield>
      <marc:datafield tag="600" ind1="1" ind2="7">
            <marc:subfield code="a">Ferry, Elisha P.</marc:subfield>
            <marc:subfield code="q">(Elisha Peyre),</marc:subfield>
            <marc:subfield code="d">1825-1895.</marc:subfield>
            <marc:subfield code="2">fast</marc:subfield>
            <marc:subfield code="0">(OCoLC)fst00210927</marc:subfield>
        </marc:datafield>
      <marc:datafield tag="600" ind1="1" ind2="7">
            <marc:subfield code="a">McGraw, John Harte,</marc:subfield>
            <marc:subfield code="d">-1910.</marc:subfield>
            <marc:subfield code="2">fast</marc:subfield>
            <marc:subfield code="0">(OCoLC)fst01833971</marc:subfield>
        </marc:datafield>
      <marc:datafield tag="650" ind1=" " ind2="0">
            <marc:subfield code="a">Governors</marc:subfield>
            <marc:subfield code="z">Washington (State)</marc:subfield>
            <marc:subfield code="v">Inaugural addresses.</marc:subfield>
        </marc:datafield>
      <marc:datafield tag="650" ind1=" " ind2="0">
            <marc:subfield code="a">Governors</marc:subfield>
            <marc:subfield code="z">Washington (State)</marc:subfield>
            <marc:subfield code="v">Farewell addresses.</marc:subfield>
        </marc:datafield>
      <marc:datafield tag="650" ind1=" " ind2="0">
            <marc:subfield code="a">Speeches, addresses, etc., American</marc:subfield>
            <marc:subfield code="z">Washington (State)</marc:subfield>
        </marc:datafield>
      <marc:datafield tag="650" ind1=" " ind2="7">
            <marc:subfield code="a">Governors.</marc:subfield>
            <marc:subfield code="2">fast</marc:subfield>
            <marc:subfield code="0">(OCoLC)fst00945704</marc:subfield>
        </marc:datafield>
      <marc:datafield tag="650" ind1=" " ind2="7">
            <marc:subfield code="a">Oratory.</marc:subfield>
            <marc:subfield code="2">fast</marc:subfield>
            <marc:subfield code="0">(OCoLC)fst01047214</marc:subfield>
        </marc:datafield>
      <marc:datafield tag="650" ind1=" " ind2="7">
            <marc:subfield code="a">Politics and government.</marc:subfield>
            <marc:subfield code="2">fast</marc:subfield>
            <marc:subfield code="0">(OCoLC)fst01919741</marc:subfield>
        </marc:datafield>
      <marc:datafield tag="650" ind1=" " ind2="7">
            <marc:subfield code="a">Speeches, addresses, etc., American.</marc:subfield>
            <marc:subfield code="2">fast</marc:subfield>
            <marc:subfield code="0">(OCoLC)fst01129325</marc:subfield>
        </marc:datafield>
      <marc:datafield tag="651" ind1=" " ind2="0">
            <marc:subfield code="a">Washington (State)</marc:subfield>
            <marc:subfield code="x">Politics and government</marc:subfield>
            <marc:subfield code="y">1889-1950.</marc:subfield>
        </marc:datafield>
      <marc:datafield tag="651" ind1=" " ind2="0">
            <marc:subfield code="a">Washington (State)</marc:subfield>
            <marc:subfield code="x">History</marc:subfield>
            <marc:subfield code="y">1889-</marc:subfield>
        </marc:datafield>
      <marc:datafield tag="651" ind1=" " ind2="7">
            <marc:subfield code="a">Washington (State)</marc:subfield>
            <marc:subfield code="2">fast</marc:subfield>
            <marc:subfield code="0">(OCoLC)fst01204703</marc:subfield>
        </marc:datafield>
      <marc:datafield tag="648" ind1=" " ind2="7">
            <marc:subfield code="a">Since 1889</marc:subfield>
            <marc:subfield code="2">fast</marc:subfield>
        </marc:datafield>
      <marc:datafield tag="655" ind1=" " ind2="7">
            <marc:subfield code="a">Speeches.</marc:subfield>
            <marc:subfield code="2">lcgft</marc:subfield>
        </marc:datafield>
      <marc:datafield tag="655" ind1=" " ind2="7">
            <marc:subfield code="a">Messages (Official communications)</marc:subfield>
            <marc:subfield code="2">lcgft</marc:subfield>
        </marc:datafield>
      <marc:datafield tag="655" ind1=" " ind2="7">
            <marc:subfield code="a">History.</marc:subfield>
            <marc:subfield code="2">fast</marc:subfield>
            <marc:subfield code="0">(OCoLC)fst01411628</marc:subfield>
        </marc:datafield>
      <marc:datafield tag="655" ind1=" " ind2="7">
            <marc:subfield code="a">Messages (Official communications)</marc:subfield>
            <marc:subfield code="2">fast</marc:subfield>
            <marc:subfield code="0">(OCoLC)fst01941341</marc:subfield>
        </marc:datafield>
      <marc:datafield tag="655" ind1=" " ind2="7">
            <marc:subfield code="a">Speeches.</marc:subfield>
            <marc:subfield code="2">fast</marc:subfield>
            <marc:subfield code="0">(OCoLC)fst01774286</marc:subfield>
        </marc:datafield>
      <marc:datafield tag="710" ind1="1" ind2="2">
            <marc:subfield code="i">Container of (work):</marc:subfield>
            <marc:subfield code="a">Washington (State).</marc:subfield>
            <marc:subfield code="b">Governor (1889-1893 : Ferry).</marc:subfield>
            <marc:subfield code="t">Retiring message.</marc:subfield>
        </marc:datafield>
      <marc:datafield tag="710" ind1="1" ind2="2">
            <marc:subfield code="i">Container of (work):</marc:subfield>
            <marc:subfield code="a">Washington (State).</marc:subfield>
            <marc:subfield code="b">Governor (1893-1897 : McGraw).</marc:subfield>
            <marc:subfield code="t">Inaugural address.</marc:subfield>
        </marc:datafield>
      <marc:datafield tag="978" ind1=" " ind2=" ">
            <marc:subfield code="a">.b58925648</marc:subfield>
            <marc:subfield code="9">local</marc:subfield>
        </marc:datafield>
      <marc:datafield tag="994" ind1=" " ind2=" ">
            <marc:subfield code="a">92</marc:subfield>
            <marc:subfield code="b">OCACL</marc:subfield>
        </marc:datafield>
      <marc:datafield tag="955" ind1=" " ind2=" ">
         <marc:subfield code="b">39352080450315</marc:subfield>
      </marc:datafield>
   </marc:record>