
    <marc:record>
      <marc:leader>01345cam a2200373Ia 4500</marc:leader>
      <marc:controlfield tag="001">99132946290001452</marc:controlfield>
      <marc:controlfield tag="005">20180606115821.0</marc:controlfield>
      <marc:controlfield tag="008">950504s1963    vm ab    b    000 0 vie d</marc:controlfield>
      <marc:datafield tag="035" ind1=" " ind2=" ">
            <marc:subfield code="a">ocm32420443</marc:subfield>
        </marc:datafield>
      <marc:datafield tag="035" ind1=" " ind2=" ">
            <marc:subfield code="a">(OCoLC)32420443</marc:subfield>
        </marc:datafield>
      <marc:datafield tag="035" ind1=" " ind2=" ">
            <marc:subfield code="a">(OCoLC)ocm32420443 </marc:subfield>
        </marc:datafield>
      <marc:datafield tag="035" ind1=" " ind2=" ">
            <marc:subfield code="a">(EXLNZ-01ALLIANCE_NETWORK)99135325220001451</marc:subfield>
        </marc:datafield>
      <marc:datafield tag="040" ind1=" " ind2=" ">
            <marc:subfield code="a">WAU</marc:subfield>
            <marc:subfield code="b">eng</marc:subfield>
            <marc:subfield code="c">WAU</marc:subfield>
            <marc:subfield code="d">OCLCF</marc:subfield>
            <marc:subfield code="d">OCLCQ</marc:subfield>
            <marc:subfield code="d">OCLCO</marc:subfield>
        </marc:datafield>
      <marc:datafield tag="043" ind1=" " ind2=" ">
            <marc:subfield code="a">a-vt---</marc:subfield>
        </marc:datafield>
      <marc:datafield tag="049" ind1=" " ind2=" ">
            <marc:subfield code="a">MAIN</marc:subfield>
        </marc:datafield>
      <marc:datafield tag="050" ind1=" " ind2="4">
            <marc:subfield code="a">DS556.33</marc:subfield>
            <marc:subfield code="b">.T25 1963</marc:subfield>
        </marc:datafield>
      <marc:datafield tag="100" ind1="1" ind2=" ">
            <marc:subfield code="a">Tăng, Xuân An.</marc:subfield>
        </marc:datafield>
      <marc:datafield tag="245" ind1="1" ind2="0">
            <marc:subfield code="a">Địa-lý Việt-Nam :</marc:subfield>
            <marc:subfield code="b">lớp đệ-nhị /</marc:subfield>
            <marc:subfield code="c">Ông và Bà Tăng-xuân-An.</marc:subfield>
        </marc:datafield>
      <marc:datafield tag="246" ind1="1" ind2="4">
            <marc:subfield code="a">Địa-lý lớp đệ-nhị</marc:subfield>
        </marc:datafield>
      <marc:datafield tag="250" ind1=" " ind2=" ">
            <marc:subfield code="a">In là̂n thứ 6.</marc:subfield>
        </marc:datafield>
      <marc:datafield tag="260" ind1=" " ind2=" ">
            <marc:subfield code="a">Saigon :</marc:subfield>
            <marc:subfield code="b">Só̂ng-Mới,</marc:subfield>
            <marc:subfield code="c">1963.</marc:subfield>
        </marc:datafield>
      <marc:datafield tag="300" ind1=" " ind2=" ">
            <marc:subfield code="a">237 pages :</marc:subfield>
            <marc:subfield code="b">illustrations, maps ;</marc:subfield>
            <marc:subfield code="c">21 cm</marc:subfield>
        </marc:datafield>
      <marc:datafield tag="336" ind1=" " ind2=" ">
            <marc:subfield code="a">text</marc:subfield>
            <marc:subfield code="b">txt</marc:subfield>
            <marc:subfield code="2">rdacontent</marc:subfield>
        </marc:datafield>
      <marc:datafield tag="337" ind1=" " ind2=" ">
            <marc:subfield code="a">unmediated</marc:subfield>
            <marc:subfield code="b">n</marc:subfield>
            <marc:subfield code="2">rdamedia</marc:subfield>
        </marc:datafield>
      <marc:datafield tag="338" ind1=" " ind2=" ">
            <marc:subfield code="a">volume</marc:subfield>
            <marc:subfield code="b">nc</marc:subfield>
            <marc:subfield code="2">rdacarrier</marc:subfield>
        </marc:datafield>
      <marc:datafield tag="500" ind1=" " ind2=" ">
            <marc:subfield code="a">"Soạn theo chương-trình mới nhá̂t của Bộ Quó̂c-gia Giáo-dục."</marc:subfield>
        </marc:datafield>
      <marc:datafield tag="504" ind1=" " ind2=" ">
            <marc:subfield code="a">Includes bibliographical references (page 7).</marc:subfield>
        </marc:datafield>
      <marc:datafield tag="650" ind1=" " ind2="7">
            <marc:subfield code="a">Economic history.</marc:subfield>
            <marc:subfield code="2">fast</marc:subfield>
            <marc:subfield code="0">(OCoLC)fst00901974</marc:subfield>
        </marc:datafield>
      <marc:datafield tag="650" ind1=" " ind2="7">
            <marc:subfield code="a">Geography.</marc:subfield>
            <marc:subfield code="2">fast</marc:subfield>
            <marc:subfield code="0">(OCoLC)fst00940469</marc:subfield>
        </marc:datafield>
      <marc:datafield tag="651" ind1=" " ind2="0">
            <marc:subfield code="a">Vietnam</marc:subfield>
            <marc:subfield code="x">Geography.</marc:subfield>
        </marc:datafield>
      <marc:datafield tag="651" ind1=" " ind2="0">
            <marc:subfield code="a">Vietnam</marc:subfield>
            <marc:subfield code="x">Economic conditions.</marc:subfield>
        </marc:datafield>
      <marc:datafield tag="651" ind1=" " ind2="7">
            <marc:subfield code="a">Vietnam.</marc:subfield>
            <marc:subfield code="2">fast</marc:subfield>
            <marc:subfield code="0">(OCoLC)fst01204778</marc:subfield>
        </marc:datafield>
      <marc:datafield tag="978" ind1=" " ind2=" ">
            <marc:subfield code="a">.b30235613</marc:subfield>
            <marc:subfield code="9">local</marc:subfield>
        </marc:datafield>
      <marc:datafield tag="994" ind1=" " ind2=" ">
            <marc:subfield code="a">92</marc:subfield>
            <marc:subfield code="b">OCACL</marc:subfield>
        </marc:datafield>
      <marc:datafield tag="955" ind1=" " ind2=" ">
         <marc:subfield code="b">39352038618567</marc:subfield>
      </marc:datafield>
   </marc:record>