
    <marc:record>
      <marc:leader>01842ccm a2200481I  4500</marc:leader>
      <marc:controlfield tag="001">99146723740001452</marc:controlfield>
      <marc:controlfield tag="005">20180531061734.7</marc:controlfield>
      <marc:controlfield tag="008">770527m19471949it zza         n    lat  </marc:controlfield>
      <marc:datafield tag="010" ind1=" " ind2=" ">
            <marc:subfield code="a">   52028768 </marc:subfield>
        </marc:datafield>
      <marc:datafield tag="019" ind1=" " ind2=" ">
            <marc:subfield code="a">244659</marc:subfield>
            <marc:subfield code="a">999521</marc:subfield>
        </marc:datafield>
      <marc:datafield tag="035" ind1=" " ind2=" ">
            <marc:subfield code="a">(OCoLC)02998172</marc:subfield>
            <marc:subfield code="z">(OCoLC)244659</marc:subfield>
            <marc:subfield code="z">(OCoLC)999521</marc:subfield>
        </marc:datafield>
      <marc:datafield tag="035" ind1=" " ind2=" ">
            <marc:subfield code="a">(OCoLC)ocm02998172 </marc:subfield>
        </marc:datafield>
      <marc:datafield tag="035" ind1=" " ind2=" ">
            <marc:subfield code="a">(EXLNZ-01ALLIANCE_NETWORK)99161288350001451</marc:subfield>
        </marc:datafield>
      <marc:datafield tag="040" ind1=" " ind2=" ">
            <marc:subfield code="a">DLC</marc:subfield>
            <marc:subfield code="b">eng</marc:subfield>
            <marc:subfield code="c">IQU</marc:subfield>
            <marc:subfield code="d">OCL</marc:subfield>
            <marc:subfield code="d">IUG</marc:subfield>
            <marc:subfield code="d">CIN</marc:subfield>
            <marc:subfield code="d">OCLCQ</marc:subfield>
            <marc:subfield code="d">OCLCG</marc:subfield>
            <marc:subfield code="d">CRU</marc:subfield>
            <marc:subfield code="d">OCLCA</marc:subfield>
            <marc:subfield code="d">IAD</marc:subfield>
            <marc:subfield code="d">OCLCA</marc:subfield>
            <marc:subfield code="d">OCLCF</marc:subfield>
            <marc:subfield code="d">OCLCQ</marc:subfield>
            <marc:subfield code="d">OCLCO</marc:subfield>
            <marc:subfield code="d">ISM</marc:subfield>
            <marc:subfield code="d">NJR</marc:subfield>
            <marc:subfield code="d">MST</marc:subfield>
        </marc:datafield>
      <marc:datafield tag="041" ind1="0" ind2=" ">
            <marc:subfield code="a">lat</marc:subfield>
            <marc:subfield code="g">eng</marc:subfield>
        </marc:datafield>
      <marc:datafield tag="045" ind1="2" ind2=" ">
            <marc:subfield code="b">d1420</marc:subfield>
            <marc:subfield code="b">d1474</marc:subfield>
        </marc:datafield>
      <marc:datafield tag="047" ind1=" " ind2=" ">
            <marc:subfield code="a">pt</marc:subfield>
            <marc:subfield code="a">mo</marc:subfield>
        </marc:datafield>
      <marc:datafield tag="049" ind1=" " ind2=" ">
            <marc:subfield code="a">MAIN</marc:subfield>
        </marc:datafield>
      <marc:datafield tag="050" ind1="1" ind2="4">
            <marc:subfield code="a">M3</marc:subfield>
            <marc:subfield code="b">.D83 1966</marc:subfield>
        </marc:datafield>
      <marc:datafield tag="082" ind1="1" ind2="4">
            <marc:subfield code="a">[Fic]</marc:subfield>
            <marc:subfield code="2">19</marc:subfield>
        </marc:datafield>
      <marc:datafield tag="099" ind1=" " ind2=" ">
            <marc:subfield code="a">M</marc:subfield>
            <marc:subfield code="a">780.81</marc:subfield>
            <marc:subfield code="a">D872w</marc:subfield>
            <marc:subfield code="9">local</marc:subfield>
        </marc:datafield>
      <marc:datafield tag="099" ind1=" " ind2=" ">
            <marc:subfield code="a">M 780.81 D872w</marc:subfield>
            <marc:subfield code="9">local</marc:subfield>
        </marc:datafield>
      <marc:datafield tag="099" ind1=" " ind2=" ">
            <marc:subfield code="a">M</marc:subfield>
            <marc:subfield code="a">780.81</marc:subfield>
            <marc:subfield code="a">D872w</marc:subfield>
            <marc:subfield code="9">local</marc:subfield>
        </marc:datafield>
      <marc:datafield tag="100" ind1="1" ind2=" ">
            <marc:subfield code="a">Dufay, Guillaume,</marc:subfield>
            <marc:subfield code="d">1397-1474.</marc:subfield>
        </marc:datafield>
      <marc:datafield tag="240" ind1="1" ind2="0">
            <marc:subfield code="a">Works.</marc:subfield>
            <marc:subfield code="f">1947</marc:subfield>
        </marc:datafield>
      <marc:datafield tag="245" ind1="0" ind2="0">
            <marc:subfield code="a">Opera omnia.</marc:subfield>
            <marc:subfield code="c">Edidit: Guglielmus de Van.</marc:subfield>
        </marc:datafield>
      <marc:datafield tag="260" ind1=" " ind2=" ">
            <marc:subfield code="a">Rome,</marc:subfield>
            <marc:subfield code="b">American Institute of Musicology in Rome,</marc:subfield>
            <marc:subfield code="c">1947-49.</marc:subfield>
        </marc:datafield>
      <marc:datafield tag="300" ind1=" " ind2=" ">
            <marc:subfield code="a">1 score (4 volumes in 2)</marc:subfield>
            <marc:subfield code="c">37 cm.</marc:subfield>
        </marc:datafield>
      <marc:datafield tag="336" ind1=" " ind2=" ">
            <marc:subfield code="a">notated music</marc:subfield>
            <marc:subfield code="b">ntm</marc:subfield>
            <marc:subfield code="2">rdacontent</marc:subfield>
        </marc:datafield>
      <marc:datafield tag="337" ind1=" " ind2=" ">
            <marc:subfield code="a">unmediated</marc:subfield>
            <marc:subfield code="b">n</marc:subfield>
            <marc:subfield code="2">rdamedia</marc:subfield>
        </marc:datafield>
      <marc:datafield tag="338" ind1=" " ind2=" ">
            <marc:subfield code="a">volume</marc:subfield>
            <marc:subfield code="b">nc</marc:subfield>
            <marc:subfield code="2">rdacarrier</marc:subfield>
        </marc:datafield>
      <marc:datafield tag="490" ind1="1" ind2=" ">
            <marc:subfield code="a">Corpus mensurabilis musicae,</marc:subfield>
            <marc:subfield code="v">1</marc:subfield>
        </marc:datafield>
      <marc:datafield tag="500" ind1=" " ind2=" ">
            <marc:subfield code="a">Re-edited and completed by Heinrich Besseler, 1951-66.</marc:subfield>
        </marc:datafield>
      <marc:datafield tag="505" ind1="0" ind2=" ">
            <marc:subfield code="a">1-2. Motetti.--3. Missa sine nomine.--4. Missa Sancti Jacobi.</marc:subfield>
        </marc:datafield>
      <marc:datafield tag="650" ind1=" " ind2="0">
            <marc:subfield code="a">Sacred vocal music.</marc:subfield>
        </marc:datafield>
      <marc:datafield tag="650" ind1=" " ind2="7">
            <marc:subfield code="a">Sacred vocal music.</marc:subfield>
            <marc:subfield code="2">fast</marc:subfield>
            <marc:subfield code="0">(OCoLC)fst01103213</marc:subfield>
        </marc:datafield>
      <marc:datafield tag="700" ind1="1" ind2=" ">
            <marc:subfield code="a">Van, Guillaume de,</marc:subfield>
            <marc:subfield code="d">1906-1949,</marc:subfield>
            <marc:subfield code="e">editor.</marc:subfield>
        </marc:datafield>
      <marc:datafield tag="700" ind1="1" ind2=" ">
            <marc:subfield code="a">Besseler, Heinrich,</marc:subfield>
            <marc:subfield code="d">1900-1969,</marc:subfield>
            <marc:subfield code="e">editor.</marc:subfield>
        </marc:datafield>
      <marc:datafield tag="776" ind1="0" ind2="8">
            <marc:subfield code="i">Online version:</marc:subfield>
            <marc:subfield code="a">Dufay, Guillaume, -1474.</marc:subfield>
            <marc:subfield code="s">Works. 1947.</marc:subfield>
            <marc:subfield code="t">Opera omnia.</marc:subfield>
            <marc:subfield code="d">Rome, American Institute of Musicology in Rome, 1947-49</marc:subfield>
            <marc:subfield code="w">(OCoLC)760061327</marc:subfield>
        </marc:datafield>
      <marc:datafield tag="830" ind1=" " ind2="0">
            <marc:subfield code="a">Corpus mensurabilis musicae ;</marc:subfield>
            <marc:subfield code="v">1.</marc:subfield>
        </marc:datafield>
      <marc:datafield tag="907" ind1=" " ind2=" ">
            <marc:subfield code="a">.b11264950</marc:subfield>
            <marc:subfield code="9">local</marc:subfield>
        </marc:datafield>
      <marc:datafield tag="978" ind1=" " ind2=" ">
            <marc:subfield code="a">.b11264950</marc:subfield>
            <marc:subfield code="9">LOCAL</marc:subfield>
        </marc:datafield>
      <marc:datafield tag="994" ind1=" " ind2=" ">
            <marc:subfield code="a">92</marc:subfield>
            <marc:subfield code="b">OCACL</marc:subfield>
        </marc:datafield>
      <marc:datafield tag="955" ind1=" " ind2=" ">
         <marc:subfield code="b">39352027254861</marc:subfield>
      </marc:datafield>
   </marc:record>