
    <marc:record>
      <marc:leader>01891cam a2200481Ii 4500</marc:leader>
      <marc:controlfield tag="001">99142210710001452</marc:controlfield>
      <marc:controlfield tag="005">20180719034701.3</marc:controlfield>
      <marc:controlfield tag="008">160602s1957    th     d     f000 0 thaod</marc:controlfield>
      <marc:datafield tag="035" ind1=" " ind2=" ">
            <marc:subfield code="a">(OCoLC)951031559</marc:subfield>
        </marc:datafield>
      <marc:datafield tag="035" ind1=" " ind2=" ">
            <marc:subfield code="a">(OCoLC)ocn951031559</marc:subfield>
        </marc:datafield>
      <marc:datafield tag="035" ind1=" " ind2=" ">
            <marc:subfield code="a">(EXLNZ-01ALLIANCE_NETWORK)99322062819301451</marc:subfield>
        </marc:datafield>
      <marc:datafield tag="040" ind1=" " ind2=" ">
            <marc:subfield code="a">WAU</marc:subfield>
            <marc:subfield code="b">eng</marc:subfield>
            <marc:subfield code="e">rda</marc:subfield>
            <marc:subfield code="c">WAU</marc:subfield>
            <marc:subfield code="d">OCLCF</marc:subfield>
            <marc:subfield code="d">WAU</marc:subfield>
        </marc:datafield>
      <marc:datafield tag="049" ind1=" " ind2=" ">
            <marc:subfield code="a">MAIN</marc:subfield>
        </marc:datafield>
      <marc:datafield tag="050" ind1=" " ind2="4">
            <marc:subfield code="a">PL4209.V3</marc:subfield>
            <marc:subfield code="b">A6 1957</marc:subfield>
        </marc:datafield>
      <marc:datafield tag="100" ind1="0" ind2=" ">
            <marc:subfield code="a">Vajiravudh,</marc:subfield>
            <marc:subfield code="c">King of Siam,</marc:subfield>
            <marc:subfield code="d">1881-1925,</marc:subfield>
            <marc:subfield code="e">author.</marc:subfield>
        </marc:datafield>
      <marc:datafield tag="240" ind1="1" ind2="0">
            <marc:subfield code="a">Works.</marc:subfield>
            <marc:subfield code="k">Selections (1957)</marc:subfield>
        </marc:datafield>
      <marc:datafield tag="245" ind1="1" ind2="0">
            <marc:subfield code="a">Phrarātchaniphon Phrabāt Somdet Phra Mongkutklao ... :</marc:subfield>
            <marc:subfield code="b">Krasūang Sưksāthikān khatlư̄ak samrap chan trīam ʻudommasưksā.</marc:subfield>
        </marc:datafield>
      <marc:datafield tag="246" ind1="1" ind2="4">
            <marc:subfield code="a">Bǣprīan khō̜ng Krasūang Sưksāthikān :</marc:subfield>
            <marc:subfield code="b">Phrarātchaniphon Phrabāt Somdet Phra Mongkutklao ...</marc:subfield>
        </marc:datafield>
      <marc:datafield tag="250" ind1=" " ind2=" ">
            <marc:subfield code="a">Phim khrang thī hā.</marc:subfield>
        </marc:datafield>
      <marc:datafield tag="264" ind1=" " ind2="1">
            <marc:subfield code="a">[Bangkok] :</marc:subfield>
            <marc:subfield code="b">Krom Sāmansưksā, Krasūang Sưksāthikān,</marc:subfield>
            <marc:subfield code="c">2500 [1957]</marc:subfield>
        </marc:datafield>
      <marc:datafield tag="300" ind1=" " ind2=" ">
            <marc:subfield code="a">88 pages ;</marc:subfield>
            <marc:subfield code="c">24 cm</marc:subfield>
        </marc:datafield>
      <marc:datafield tag="336" ind1=" " ind2=" ">
            <marc:subfield code="a">text</marc:subfield>
            <marc:subfield code="b">txt</marc:subfield>
            <marc:subfield code="2">rdacontent</marc:subfield>
        </marc:datafield>
      <marc:datafield tag="337" ind1=" " ind2=" ">
            <marc:subfield code="a">unmediated</marc:subfield>
            <marc:subfield code="b">n</marc:subfield>
            <marc:subfield code="2">rdamedia</marc:subfield>
        </marc:datafield>
      <marc:datafield tag="338" ind1=" " ind2=" ">
            <marc:subfield code="a">volume</marc:subfield>
            <marc:subfield code="b">nc</marc:subfield>
            <marc:subfield code="2">rdacarrier</marc:subfield>
        </marc:datafield>
      <marc:datafield tag="385" ind1=" " ind2=" ">
            <marc:subfield code="n">edu</marc:subfield>
            <marc:subfield code="a">High school students</marc:subfield>
            <marc:subfield code="2">lcdgt</marc:subfield>
        </marc:datafield>
      <marc:datafield tag="385" ind1=" " ind2=" ">
            <marc:subfield code="n">age</marc:subfield>
            <marc:subfield code="a">Teenagers</marc:subfield>
            <marc:subfield code="2">lcdgt</marc:subfield>
        </marc:datafield>
      <marc:datafield tag="386" ind1=" " ind2=" ">
            <marc:subfield code="n">nat</marc:subfield>
            <marc:subfield code="a">Thai</marc:subfield>
            <marc:subfield code="2">lcdgt</marc:subfield>
        </marc:datafield>
      <marc:datafield tag="386" ind1=" " ind2=" ">
            <marc:subfield code="n">occ</marc:subfield>
            <marc:subfield code="a">Kings</marc:subfield>
            <marc:subfield code="2">lcdgt</marc:subfield>
        </marc:datafield>
      <marc:datafield tag="546" ind1=" " ind2=" ">
            <marc:subfield code="a">In Thai.</marc:subfield>
        </marc:datafield>
      <marc:datafield tag="520" ind1=" " ind2=" ">
            <marc:subfield code="a">A selection of King Vajiravudh's literary works; published as a textbook for high school students.</marc:subfield>
        </marc:datafield>
      <marc:datafield tag="650" ind1=" " ind2="0">
            <marc:subfield code="a">Thai poetry</marc:subfield>
            <marc:subfield code="v">Textbooks.</marc:subfield>
        </marc:datafield>
      <marc:datafield tag="650" ind1=" " ind2="0">
            <marc:subfield code="a">Thai drama</marc:subfield>
            <marc:subfield code="v">Textbooks.</marc:subfield>
        </marc:datafield>
      <marc:datafield tag="650" ind1=" " ind2="7">
            <marc:subfield code="a">Thai drama.</marc:subfield>
            <marc:subfield code="2">fast</marc:subfield>
            <marc:subfield code="0">(OCoLC)fst01149007</marc:subfield>
        </marc:datafield>
      <marc:datafield tag="650" ind1=" " ind2="7">
            <marc:subfield code="a">Thai poetry.</marc:subfield>
            <marc:subfield code="2">fast</marc:subfield>
            <marc:subfield code="0">(OCoLC)fst01149083</marc:subfield>
        </marc:datafield>
      <marc:datafield tag="655" ind1=" " ind2="7">
            <marc:subfield code="a">Poetry.</marc:subfield>
            <marc:subfield code="2">lcgft</marc:subfield>
        </marc:datafield>
      <marc:datafield tag="655" ind1=" " ind2="7">
            <marc:subfield code="a">Drama.</marc:subfield>
            <marc:subfield code="2">lcgft</marc:subfield>
        </marc:datafield>
      <marc:datafield tag="655" ind1=" " ind2="7">
            <marc:subfield code="a">Textbooks.</marc:subfield>
            <marc:subfield code="2">lcgft</marc:subfield>
        </marc:datafield>
      <marc:datafield tag="655" ind1=" " ind2="7">
            <marc:subfield code="a">Drama.</marc:subfield>
            <marc:subfield code="2">fast</marc:subfield>
            <marc:subfield code="0">(OCoLC)fst01423879</marc:subfield>
        </marc:datafield>
      <marc:datafield tag="655" ind1=" " ind2="7">
            <marc:subfield code="a">Poetry.</marc:subfield>
            <marc:subfield code="2">fast</marc:subfield>
            <marc:subfield code="0">(OCoLC)fst01423828</marc:subfield>
        </marc:datafield>
      <marc:datafield tag="655" ind1=" " ind2="7">
            <marc:subfield code="a">Textbooks.</marc:subfield>
            <marc:subfield code="2">fast</marc:subfield>
            <marc:subfield code="0">(OCoLC)fst01423863</marc:subfield>
        </marc:datafield>
      <marc:datafield tag="710" ind1="1" ind2=" ">
            <marc:subfield code="a">Thailand.</marc:subfield>
            <marc:subfield code="b">Krom Sāmansưksā,</marc:subfield>
            <marc:subfield code="e">publisher.</marc:subfield>
        </marc:datafield>
      <marc:datafield tag="978" ind1=" " ind2=" ">
            <marc:subfield code="a">.b45251320</marc:subfield>
            <marc:subfield code="9">local</marc:subfield>
        </marc:datafield>
      <marc:datafield tag="994" ind1=" " ind2=" ">
            <marc:subfield code="a">92</marc:subfield>
            <marc:subfield code="b">OCACL</marc:subfield>
        </marc:datafield>
      <marc:datafield tag="955" ind1=" " ind2=" ">
         <marc:subfield code="b">39352080453038</marc:subfield>
      </marc:datafield>
   </marc:record>
</marc:collection>
